2722 4806
404 1008 409 1027 ι
485 1035 760 1156 Caput
816 1042 935 1135 II..¹

163 1195 233 1263 -De-
253 1188 374 1264 Hebro
399 1192 693 1265 Alemannorum
724 1197 975 1293 gestiensque
998 1192 1050 1265 acl
1073 1194 1185 1266 extin-

178 1310 182 1329 ²
218 1324 222 1337 ’
343 1310 444 1369 ctera
481 1297 680 1407 eorundem
715 1295 1007 1394 Rempnblicom.

164 1638 263 1778 Hic
290 1706 364 1799 'ergo
390 1724 452 1781 tam
479 1721 662 1797 bellicosus,
693 1728 756 1784 tam
783 1722 898 1785 viciam
925 1719 1060 1794 Romano
1089 1717 1214 1799 lmpe-
1300 1756 1303 1761 -

164 1820 212 1881 rio
240 1819 473 1882 Alemannornm
498 1825 646 1904 populus,
672 1842 734 1885 non
760 1824 860 1904 potuit
887 1841 949 1884 non
976 1820 1187 1901 frequentibus

143 1914 233 1983 cnm
256 1920 362 1983 eodem
383 1922 472 1985 bellis
494 1912 614 2000 collidi3
644 1925 817 1988 labascente
836 1925 1017 2006 praesertim
1034 1921 1186 1983 Romano-

163 2043 233 2085 rum
256 2025 409 2104 po'tcntia;
439 2043 506 2087 cnm
526 2028 576 2088 rel
596 2028 694 2090 turbis
725 2047 830 2089 eorrnn
850 2025 1021 2100 intestinis,
1050 2022 1100 2084 rel
1120 2022 1188 2103 ipsa

163 2126 338 2207 Principum
360 2128 496 2191 socordia
517 2137 689 2191 exterorum
716 2128 896 2211 populorum
916 2116 1049 2191 bellandi
1068 2142 1187 2203 cresce-

164 2216 337 2290 r‘ef'libido.
383 2230 480 2290 Gallia
500 2233 695 2309 praesertim,
723 2233 761 2292 ob
781 2232 930 2310 insignem
957 2231 1034 2291 coeli
1055 2230 1186 2291 clemen·

164 2332 255 2404 tiam,
285 2330 402 2411 solique
422 2329 610 2394 fertilitatem
637 2334 686 2394 vel
704 2334 921 2394 remotissimos
940 2332 1096 2394 Orientem
1116 2350 1186 2393 rer-

165 2453 217 2495 rus
247 2433 551 2514 Septentrionemque
580 2435 759 2496 Germaniae
786 2434 913 2514 populos
940 2435 1062 2494 allicere
1090 2440 1185 2507 sueta,

164 2535 438 2616 frequentissimam
459 2535 685 2615 migrationem,
714 2544 910 2615 ortormnque
931 2535 1007 2596 adeo
1028 2534 1100 2595 hino
1120 2534 1185 2595 bel-

165 2630 277 2698 lornm'
291 2639 476 2699 occasionem
496 2639 707 2718 suppeditavit.
751 2637 832 2717 Quid
850 2639 975 2711 mirum,
1005 2639 1032 2698 si
1048 2641 1093 2719 ¹et
1113 2634 1184 2696 Ale-

167 2739 268 2799 manni
285 2738 336 2797 vel
351 2738 461 2818 insigni
482 2740 609 2820 quodam
630 2741 662 2801 in
684 2741 813 2822 patriam
832 2739 982 2801 redeundi
1002 2756 1113 2811 arnone,
1134 2736 1184 2797 rel

167 2840 274 2902 eadem
299 2845 400 2900 terrae
426 2840 566 2906 ubertate
592 2842 709 2917 allecti,
722 2842 884 2904 -Gallieum
914 2860 1060 2922 occupare
1080 2857 1184 2919 agrum

166 2944 271 3024 quovis
292 2942 383 3003 modo
404 2950 475 3004 sunt
495 2946 603 3007 conati.
645 2945 812 3026 Praecipua
830 2943 906 3003 haec
920 2944 985 3003 sine
1008 2942 1097 3015 dubio
1118 2942 1183 3019 bel-

164 3045 248 3107 landi
270 3034 341 3107 oum*
354 3038 498 3108 Romanis
520 3066 683 3129 eorumque
702 3045 935 3128 imperatoribus
955 3045 1089 3107 materia.
1104 3037 1134 3126 *)

164 3214 354 3278 Antoninus
396 3213 541 3279 Caracal
540 3216 584 3278 ln.
636 3218 717 3279 Aera
752 3216 865 3278 Christ.
900 3217 936 3276 A.
971 3212 1074 3281 ccxi
1114 3214 1182 3341 coll.

517 3322 584 3363 oum
604 3303 684 3363 Aera
704 3302 832 3384 Capitol.

229 3417 411 3498 Agebatnr'
396 3437 460 3501 Jam
480 3440 573 3483 annus
588 3422 680 3483 Urbis
705 3420 843 3484 conditae
859 3417 1093 3482 Dccccnxiv.
1115 3439 1189 3489 enm·

164 3508 280 3581 Romae
298 3519 463 3600 imperaret
483 3524 650 3585 Antoninus
672 3524 847 3597 Bassianus,
868 3523 1014 3600 Princeps
1034 3521 1182 3581 scelerum

164 3621 370 3702 magnitudine
390 3625 572 3687 notissimus
615 3625 644 3687 Is
664 3627 745 3686 inter
764 3625 855 3696 alios,
878 3624 984 3702 quibus
1007 3623 1182 3702 superbivit,

164 3744 268 3786 rerum
294 3734 445 3803 gestarum
472 3726 595 3802 titulos,
626 3727 796 3788 Germanioi
825 3745 952 3806 nempe,
987 3724 1121 3785 Parthici
1150 3730 1182 3786 et
1261 3726 1263 3732 '

1052 3823 1183 3904 Arabici,

196 3964 226 4053 *)
246 3969 367 4048 Ignorat
388 3972 467 4033 enim
488 3971 556 4034 fere
576 3972 722 4034 Historia
726 3973 956 4034 Alemannornm
977 3989 1046 4031 curn
1058 3971 1181 4054 reliquis

229 4055 369 4138 genlibns
397 4056 495 4129 bella3
516 4059 597 4157 'quia
627 4059 742 4120 scilicet
769 4057 894 4119 Romani
926 4057 1112 4146 Scriptores,
1141 4057 1180 4118 do

142 4227 145 4231 Ι
229 4141 322 4204 rebus
343 4147 457 4206 tmtrnn
479 4145 540 4208 sais
562 4145 697 4220 solliciti,
726 4154 842 4207 metere
863 4141 1035 4205 omiserunt.
