2722 4806
678 535 781 630 XV.

289 701 330 782 8)
358 694 422 768 An
445 691 484 766 in
511 693 702 769 comitatu
730 687 920 791 Wstphico
939 678 1171 798 Altorfino?
1238 806 1241 811 -

299 843 416 908 Dentur
442 865 503 909 non
531 847 630 916 minus
650 845 733 909 docti
756 843 832 922 viri,
863 843 917 926 qui
943 844 1087 927 reliquias
1106 846 1240 915 Duestus

216 943 336 1013 'uesiei
361 947 394 1008 in
425 948 624 1029 pstrimoniuli
646 946 853 1028 Guelphorum
873 947 1065 1029 antiquorum
1087 937 1240 1019 comitutu

167 1096 175 1117 „
214 1043 421 1134 Altorfino*),
447 1070 546 1134 prope
565 1048 815 1130 Revensburgum
842 1055 874 1112 et
899 1048 1010 1113 Lseum
1034 1036 1241 1132 Bodsmienm,

214 1151 418 1232 eonstituunt,
441 1152 580 1233 quonism
598 1152 651 1213 ilie
670 1151 849 1214 hereditstis
863 1151 937 1234 jure
957 1154 1098 1233 persenit
1119 1153 1159 1216 sd
1175 1153 1238 1217 liu·

214 1264 266 1313 ees
287 1252 431 1316 Suevieos
451 1245 680 1329 Stsuffenses,''
694 1274 729 1315 se
749 1253 787 1315 nb
808 1253 859 1316 his
879 1251 996 1316 Duestu
1017 1252 1146 1331 Snevieo
1164 1275 1241 1319 eon-
1267 1248 1271 1255 ’

208 1355 335 1438 junctus
358 1356 428 1418 iuit.
470 1354 517 1418 Its
546 1356 625 1416 enim
652 1354 747 1417 tradit
772 1355 955 1446 Guuonuoon
977 1344 1240 1423 wnsnmnsss'

213 1456 322 1520 sunu.
343 1457 437 1521 1191.
458 1456 622 1518 inCsuusu
642 1455 680 1517 Τ.
693 1456 716 1517 l.
739 1457 853 1537 sntiqu
868 1455 953 1521 Leot.
974 1477 1006 1540 p.
1019 1458 1097 1521 228:
1121 1458 1239 1535 „Anno

153 1623 156 1631 ,
213 1556 353 1621 Muxcl.
374 1555 483 1622 xviii
505 1558 568 1621 cai.
589 1557 739 1632 Jnnusrii,
761 1557 891 1634 (inedio,
912 1546 1022 1622 nobilis
1041 1548 1239 1639 Altorieusis,

211 1658 388 1743 Principum
407 1666 581 1722 nostrorum
601 1658 839 1735 illustrissimus,
862 1659 1001 1725 Heinriei
1017 1660 1109 1726 Dueis
1128 1663 1239 1727 videli-

212 1768 264 1825 eet
284 1768 317 1825 et
330 1761 530 1827 Woulihildis
551 1762 642 1836 iilius,
663 1779 754 1822 esrne
775 1759 902 1838 solutus,
920 1752 1062 1855 migrs'uit
1082 1783 1102 1828 e
1122 1764 1238 1844 seouio,

211 1865 245 1928 iu
274 1884 334 1946 quo
361 1864 503 1928 nobilitas
523 1863 742 1945 Aitoriensium
770 1881 834 1924 non
860 1863 1056 1928 mediocriter
1085 1866 1239 1949 eomplets

212 1964 313 2029 desiit.
334 2001 378 2015 --
415 1965 533 2045 Quibus
554 1982 592 2026 ex
614 1964 721 2025 ordine
741 1983 845 2026 rerum
864 1966 908 2026 its
929 1965 1104 2050 dispositis,
1132 1969 1238 2033 nobile

210 2057 423 2152 patrimonium
443 2086 510 2127 enm
532 2066 669 2126 omuibus
689 2065 751 2127 suis
771 2064 924 2145 proediis,
943 2087 1000 2129 nee
1021 2088 1083 2132 non
1098 2071 1238 2134 Advoca-

209 2158 262 2258 tiis
275 2178 307 2234 et
318 2169 577 2243 Ministeriniibus,
592 2165 760 2255 Friderieo,
771 2166 859 2228 Rom
871 2166 1060 2250 imperatori,
1076 2173 1237 2239 iiliovide·

209 2258 283 2339 iicet
300 2273 412 2336 sororis
431 2290 513 2346 sune,
534 2275 566 2332 et
585 2269 650 2330 filio
663 2269 753 2345 iliius,
775 2268 942 2346 Friderieo,
964 2271 1040 2335 Duei
1054 2272 1237 2354 Suevorum,

208 2379 266 2442 sub
273 2379 346 2462 jure
360 2373 561 2459 possessionis
577 2371 714 2432 eontulit.
746 2372 861 2450 Quibus
873 2373 906 2432 in
917 2372 1111 2458 expeditione
1120 2377 1236 2441 Hiero-

208 2481 385 2560 solymitnus
409 2474 555 2549 mortuis,
587 2473 669 2535 idem
689 2472 808 2547 Welfo,
837 2481 965 2556 propter
991 2478 1123 2541 inustum
1143 2481 1235 2545 fami-

207 2582 368 2646 liaritatem
390 2584 423 2639 et
443 2575 706 2654 consanguinitatis
729 2576 838 2636 lineum
865 2576 1104 2677 praedictorum,
1133 2583 1234 2662 putri·

77 2714 78 2717 ¹
207 2685 358 2756 monium,
378 2699 447 2742 oum
466 2677 605 2739 omnibus
626 2677 688 2738 suis
702 2679 913 2758 pertinentiis,
934 2679 1094 2758 Heinrieo,
1116 2684 1232 2753 illusffl

60 2842 64 2853 .
172 2802 176 2806 ·
206 2786 294 2849 Rom.
316 2779 494 2877 imperatori
514 2779 569 2840 sub
588 2777 790 2842 hserediturin
803 2782 997 2860 possessione
1013 2785 1230 2849 eontrndidit⁸⁴

206 2888 294 2951 iloni.
317 2887 407 2949 Onus
435 2868 536 2942 ue‘s.
557 2880 672 2942 ansuo
703 2903 729 2943 e
751 2881 845 2944 XXI,
874 2883 931 2945 His
957 2885 1137 2950 testimoniis
1165 2891 1230 2954 nixi

204 2990 306 3097 njuntt
346 2987 512 3097 comitutus
540 2984 707 3067 Altorfinus
735 2991 806 3065 post
832 2983 997 3046 discessum
1024 2987 1114 3069 hujus
1142 2989 1229 3054 Wei-

204 3092 316 3188 phonis
343 3088 465 3152 transiit
492 3085 531 3150 sd
560 3084 659 3150 Duces
687 3085 833 3163 sunnine,
863 3093 896 3152 et
922 3087 960 3152 ub
988 3087 1038 3152 bis
1065 3107 1227 3173 possessus

1155 3194 1228 3274 iuit,

222 3335 265 3424 .*)
287 3337 402 3417 Quibus
421 3333 519 3398 modis
539 3331 705 3397 Gomitstns
725 3331 908 3408 Altorfiuus,
929 3355 985 3400 seu
999 3335 1226 3422 lisvenspungi-

221 3488 227 3495 ,
266 3443 331 3496 eus,
354 3422 470 3484 (duellis
487 3419 624 3493 cesserit,
646 3424 678 3481 et
699 3437 774 3500 quos
794 3422 980 3500 temporibus
1000 3424 1061 3485 illis
1081 3425 1226 3490 babuerit

264 3509 394 3581 limites,
423 3512 508 3587 putet
535 3525 573 3567 ex
595 3505 795 3584 Fragments
826 3504 866 3566 de
888 3507 1037 3588 Welpone
1060 3508 1146 3571 Duce·
1163 3519 1222 3575 ete.
1260 3562 1264 3567 .

265 3594 347 3675 quod
369 3611 407 3653 ex
427 3592 544 3654 Mscto
564 3589 660 3652 edidit
680 3589 878 3670 Lunnwuouus
898 3592 995 3654 Tomo
1010 3593 1089 3657 viil.
1110 3594 1145 3656 L.
1170 3597 1225 3660 11.

263 3676 428 3759 Reliquias.
451 3678 546 3739 omnis
567 3675 634 3743 sesi
661 3675 874 3755 diplomatum,
907 3677 1099 3741 Wnsnnunus
1121 3688 1223 3745 nutem

222 3810 227 3817 -
265 3782 346 3826 num.
367 3763 440 3824 112.
471 3763 567 3824 Tomo
585 3760 621 3821 11.
644 3762 745 3840 operis
761 3762 825 3843 jum
845 3762 972 3837 leudsti,
1001 3765 1112 3826 iterum
1133 3768 1231 3828 exiii.

263 3849 339 3911 buit.
382 3849 466 3908 ldem
486 3849 537 3910 hie
558 3847 762 3919 Wnnnnlnus,
784 3847 865 3907 Seet.
882 3846 947 3910 Vll.
971 3849 1059 3912 Tomi
1079 3849 1102 3912 1.
1124 3851 1222 3934 inpri-

265 3936 322 3998 mis
343 3932 373 4014 ὅ.
390 3934 441 3995 lu.
462 3932 572 4015 pune
593 3951 677 4012 seqq.
700 3947 758 4010 quo
780 3931 848 3991 loeo
868 3941 900 3994 et
919 3936 1021 3995 svulsu
1041 3933 1080 3995 de
1101 3956 1138 3998 eo
1160 3939 1222 3998 Co·

263 4020 388 4094 mitetu,
412 4026 570 4103 antequem
584 4017 714 4098 Imperio
732 4016 949 4094 vindicaretur,
971 4027 1158 4100 ensrrsnnur,
1179 4023 1221 4108 ds

230 4184 237 4191 ι
263 4106 455 4258 :coffinum
476 4105 618 4176 distinete
639 4102 797 4192 esposuit,
824 4123 914 4191 quem
935 4125 990 4175 uos
1010 4107 1063 4174 uio
1080 4126 1143 4178 uon
1163 4108 1219 4176 de

136 4246 142 4253 .
384 4209 429 4258 us.
940 4206 943 4211 ’
969 4233 972 4239 -
