2722 4806
544 313 843 375 ..23-

333 482 508 548 Claudios.
545 483 645 547 nene
673 482 788 545 christ.
813 482 1056 552 n'cctxvnt

263 604 439 671 lleriratnm
458 602 519 666 ierit
536 603 650 667 bellum
670 601 730 664 hoc
749 603 973 665 Alamannieum
992 605 1025 666 in
1042 605 1205 673 Successo-

76 750 81 759 «
179 728 247 773 rem
268 706 417 781 Gallieni,
445 704 621 780 claudium,
649 705 794 786 optimum
820 704 1066 788 moderatumque
1084 709 1205 773 Prluol·

178 830 268 895 pem,
299 809 350 890 qni
377 807 508 871 Gallieni
533 808 690 871 morientis
709 808 859 871 sententia
877 806 1043 889 Imperator
1063 811 1204 892 designa·

179 921 231 977 tua
259 911 411 978 scribitur.
459 910 520 971 nie
546 910 691 989 singulari
712 917 817 973 eontra
844 911 1025 974 simmam
1054 914 1202 977 ielicitate

179 1034 273 1091 usna,
292 1019 407 1077 tantam
427 1030 532 1073 eormn
552 1010 775 1075 multitudinem
795 1012 878 1074 haud
896 1015 1003 1095 procul
1023 1036 1043 1077 a
1061 1016 1129 1078 lacu
1141 1017 1202 1079 Be·

178 1135 255 1179 naec
270 1112 299 1201 *)
327 1114 427 1187 tunt,
457 1117 494 1173 ut
521 1112 572 1173 vix
601 1112 723 1175 dimidia
750 1115 870 1178 hostilis
890 1116 1042 1178 exereitus
1068 1138 1139 1199 pars
1160 1138 1201 1180 cx

176 1217 296 1301 proelio
320 1219 513 1297 superesset3
540 1215 801 1307 periculosumque
826 1217 904 1282 adeo
929 1219 1050 1283 hostem
1076 1238 1115 1282 ex
1135 1226 1201 1283 tota

178 1320 271 1403 ejecit
295 1318 388 1382 ltalia.

329 1485 536 1557 Aurelianae.
577 1487 678 1553 Acrae
703 1489 817 1556 Christ
843 1492 880 1555 A.
901 1489 1044 1557 conix,

262 1609 328 1671 Nec
348 1616 450 1671 nmen
469 1608 619 1671 redeurmi
638 1609 785 1686 auium
815 1612 982 1692 imperante
1001 1613 1115 1676 Romae
1133 1613 1197 1676 An-

176 1708 311 1795 reliano,
338 1713 478 1793 abjecere
503 1710 680 1786 Alemanni,
708 1732 783 1794 quos
812 1715 970 1795 singularis
998 1724 1063 1779 tum
1083 1715 1197 1778 ltaliam

174 1812 338 1876 invadendi
357 1812 449 1873 ardor
468 1812 652 1893 aginverat3
676 1817 911 1879 communicem
931 1818 997 1879 aliis
1018 1819 1198 1880 Germaniae
1236 1835 1241 1845 “

174 1915 296 1999 populis
328 1914 401 1976 fato.
449 1911 565 1974 Pereiti
584 1913 674 1975 simili
696 1916 802 1977 inrora
821 1915 1042 1994 Marcomanni,
1070 1938 1199 2000 qnorum

174 2017 328 2079 mentibus
349 2021 491 2096 acceptae
507 2015 544 2075 ab
565 2014 717 2076 Antonino
733 2014 920 2099 Philosopho
940 2020 1033 2082 eladis
1053 2022 1200 2084 memoria

174 2121 296 2203 penitus
317 2116 417 2177 adhue
434 2116 598 2178 insederat.
640 2115 688 2178 llli
707 2117 828 2180 infestis
847 2119 938 2182 armis
959 2120 1071 2185 Italiam
1091 2131 1198 2205 peten-

174 2227 244 2294 tes,
272 2219 353 2279 omni
371 2217 518 2280 malorum
538 2236 654 2298 genere
672 2219 704 2280 in
724 2218 800 2300 ipsis
819 2219 940 2303 imperii
958 2222 1085 2286 Romani
1102 2225 1201 2287 -visce-

152 2322 259 2385 'ribus
281 2319 502 2402 mssabautur.
547 2319 590 2381 lot
611 2320 728 2384 collatis
758 2320 856 2403 prima
876 2324 943 2387 rice
962 2345 1061 2408 prope
1081 2326 1201 2389 Medio

173 2425 275 2513 heum
297 2422 407 2504 siguis,
428 2427 513 2484 tanta
533 2421 649 2484 Romae
668 2424 831 2506 trepidatio
848 2433 960 2502 secuta,
981 2434 1017 2489 ut
1036 2428 1200 2492 accedente

171 2534 281 2611 postea
306 2524 423 2588 infelici
450 2523 490 2584 ad
512 2522 696 2587 Placentiam
724 2525 861 2605 proelio,
892 2526 958 2589 dies
986 2528 1040 2589 llle
1067 2533 1197 2593 maximo

170 2636 245 2711 post
264 2628 402 2688 homiues
422 2630 508 2686 natos
528 2622 659 2703 Imperio
681 2643 779 2706 prope
798 2631 969 2706 postremus
988 2628 1134 2692 illuxerit.
1150 2629 1194 2719 **)

172 2728 290 2812 Quodsi
310 2727 442 2808 Vopiseo
463 2725 624 2800 eredimus,
644 2725 809 2807 coningere
828 2728 950 2792 taudem
969 2732 1010 2791 ad
1028 2739 1110 2795 artes
1129 2754 1194 2797 ma-

171 2834 253 2914 gicas
279 2829 425 2905 Romani,
451 2847 509 2889 nee
535 2826 595 2889 nisi
614 2829 757 2905 monstris
778 2830 954 2913 qm'buadam
973 2835 1194 2917 speciebusque

171 2932 309 3016 impliciti
335 2930 542 2993 Marcomanni
574 2930 654 2992 vinei
682 2938 855 3013 potuerunt
905 2934 1055 2997 Feliciora
1083 2945 1193 3001 eontra

171 3038 352 3099 Alamannos
370 3034 433 3097 iata
452 3039 596 3114 expertus
616 3034 664 3094 est
676 3034 864 3096 Aurelianus.
892 3034 941 3097 llli
959 3036 1089 3117 quidem,
1109 3040 1192 3120 apud

171 3159 247 3220 qnos
269 3139 356 3199 etiam
378 3136 511 3198 nondum
530 3134 689 3196 obliterata
713 3134 814 3197 iuerat
834 3136 934 3199 illatae
960 3137 1122 3201 aclaudio
1143 3141 1190 3204 in·

121 3296 126 3311 ,
164 3240 265 3325 juriae
287 3239 447 3311 memoris,
473 3236 675 3315 maculamque
703 3234 784 3298 illam
811 3238 915 3318 quovis
937 3241 1028 3303 modo
1050 3243 1192 3321 deleturi,

169 3344 233 3407 suis
260 3341 375 3423 pariter
402 3338 517 3400 ltaliam
535 3337 755 3401 incursionibus
776 3358 942 3416 vexarem
956 3339 1013 3428 m)
1044 3352 1190 3426 occupato

170 3447 262 3510 rebus
283 3444 315 3506 iu
333 3440 484 3503 Parmenio
503 3440 645 3521 pacandis
664 3440 837 3505 Aureliano.
873 3443 1040 3526 imperator
1059 3447 1099 3508 de
1118 3454 1189 3511 edu—

1042 3552 1192 3614 servanda

179 3630 384 3649 ...u-—a--n

199 3681 228 3772 *)
262 3687 403 3788 ιΑιιηΙίξιε
433 3684 540 3750 Victor
567 3688 600 3749 in
629 3687 713 3770 Epit.
745 3689 780 3751 G.
800 3690 853 3752 84.
902 3689 1012 3754 Paulus
1040 3691 1188 3757 Diaconos

232 3771 1187 3945 tentatrici·eniterertritri*

74 4008 77 4013 ·
197 3972 240 4060 *·)
264 3977 385 4038 Flavius
406 3975 555 4059 Vopiscus
574 3979 608 4040 in
628 3979 789 4041 Aureliano
809 3980 882 4060 Cap.
905 3984 955 4045 18.
977 3989 1010 4045 et
1030 3984 1082 4047 21.
1114 3983 1187 4047 vel-

233 4082 320 4124 serus
340 4061 455 4125 Rerum
475 4060 645 4153 llojicarnm
662 4064 696 4129 1..
721 4066 750 4127 1.
779 4086 808 4147 p.
829 4067 881 4127 oo.

195 4175 254 4264 m)
275 4182 416 4248 Aurelios
436 4182 542 4249 Victor
563 4183 603 4249 de
623 4184 800 4251 &curibus
829 4184 899 4267 Cep.
921 4184 972 4249 aa.
