2722 4806
400 275 840 371 ·--ιι-’

58 479 235 561 appellatus.
287 476 423 543 Praebuit
442 480 487 542 iili
506 481 664 543 bellicosae
689 475 773 561 genti
786 475 1073 565 *mammarum

58 583 184 644 eximiae
205 582 385 665 prudentiae
402 583 648 665 fortitudinisque
667 583 829 665 Princeps;
859 586 916 665 qul'
937 585 996 646 vim
1014 600 1082 649 ,ιϊι

57 684 137 763 giam
156 684 329 766 complexus
349 686 464 761 amma,
483 686 609 748 excitam
631 686 754 749 sedibus
774 686 837 747 suis
856 692 949 749 totam
967 685 1073 746 vastis-
1116 766 1118 772 Ι

58 785 222 866 aimamque
242 776 660 871 Marcomanorumgmtem
679 789 711 850 lu
735 788 882 850 incinctos
901 786 1081 866 Hercyniae·

58 885 163 967 sylvae
183 906 316 968 campos,
336 883 382 973 ua)
404 888 517 951 sivein
537 891 733 973 Bojohemnm
753 890 920 971 imperante
936 890 1081 969 Augusto·

59 986 203 1063 deduxit,
230 994 266 1051 ut
286 989 319 1051 iu
343 992 593 1055 remotioribusa
622 990 717 1055 limite
742 989 878 1055 nomano
908 992 982 1054 locis
1009 988 1073 1053 uon
1149 1005 1152 1012 ·

58 1089 283 1157 turnultnarium
309 1109 408 1173 neque
433 1093 608 1170 fortuitum,
637 1092 693 1155 sed
720 1099 837 1156 certum
864 1093 995 1173 aliquam
1018 1091 1082 1152 ila-'-
1128 1126 1132 1140 ι

58 1209 200 1272 mumque
225 1192 307 1253 inter
334 1212 407 1256 suos
427 1196 485 1278 sibi
504 1202 626 1277 pararet
644 1195 857 1277 Principatum.
899 1194 965 1256 Nec
986 1212 1073 1276 spu

58 1299 185 1354 eventus
205 1293 332 1357 fefellit:
352 1314 420 1358 otuu
440 1298 520 1359 enim
537 1297 606 1372 illa,
628 1316 705 1379 quaa
724 1297 868 1372 diximus,
888 1295 954 1357 loca
973 1295 1006 1357 vi
1024 1312 1074 1355 ar-

56 1389 176 1475 misque
195 1404 387 1479 occupasset,
413 1399 556 1461 finitimos
583 1398 774 1462 circumcirca
793 1405 901 1480 gentes
920 1402 972 1459 aut
991 1395 1072 1458 bello

57 1498 194 1576 domuit
224 1501 340 1563 autito
364 1500 397 1561 iu
416 1506 597 1580 potestatem
617 1488 700 1562 suani
719 1499 856 1622 redegit,
884 1505 919 1562 ut
945 1516 1073 1580 regrrmu
1126 1508 1128 1514 ·

55 1600 142 1664 istud
167 1601 255 1664 brevi
285 1601 325 1662 ad
352 1601 545 1663 invidendum
573 1588 687 1681 gloriae
714 1608 747 1664 et
755 1580 928 1683 potentiae
954 1601 1086 1665 culmen

56 1704 277 1767 conscenderit.
318 1701 446 1766 Deserta
466 1724 484 1764 a
502 1704 637 1783 pristinis
655 1703 872 1766 habitatoribus
891 1703 973 1764 inter
987 1701 1073 1763 Rhe-

57 1802 130 1867 uum
141 1804 368 1884 Danubiumque
383 1803 468 1877 loca,
489 1822 582 1865 novos
595 1822 665 1864 mox
683 1806 795 1866 incolas
810 1823 974 1885 accepere3
994 1823 1072 1881 cum,

57 1925 99 1968 ex
116 1905 215 1968 Taciti
229 1901 291 1992 ***)
309 1905 501 1983 testimonio,
524 1904 693 1978 levissImus
716 1907 843 1988 quisque
865 1906 1020 1969 Gallorum
1040 1912 1073 1969 et

56 2002 161 2089 iuopia
178 2007 275 2070 audax
294 2008 402 2071 dubiae
421 2007 621 2090 possessionis
642 2007 738 2073 solum
752 2007 966 2092 occupavisset.
997 2007 1073 2088 Quis

56 2110 139 2173 euim
158 2116 303 2191 negaret,
330 2109 509 2173 Decumates
529 2109 599 2171 illos
617 2104 772 2194 agros,†)
799 2108 840 2170 de
866 2109 973 2190 quibus
995 2109 1073 2171 baec

53 2211 180 2278 Tacitus
207 2212 322 2288 tradit,
349 2230 419 2274 essa
446 2210 514 2275 ibas
539 2209 664 2292 ipsasa
682 2210 904 2289 Marcomannis
935 2211 1073 2274 desertas

54 2314 217 2394 regiones,
239 2332 307 2374 cum
328 2309 467 2386 eosdem,
495 2313 576 2374 intra
594 2330 674 2397 quoa¹
688 2311 894 2375 Marcomanni
912 2314 997 2393 prius
1017 2312 1074 2374 ha-

54 2415 242 2488 bitaverant,
263 2414 425 2488 terminus,
450 2412 592 2479 Rhenum
612 2412 742 2486 scilicet,
768 2412 934 2474 Danubium
954 2414 1073 2477 Cattos·-
1191 2480 1196 2499 ι

56 2536 136 2598 que,
160 2515 211 2597 qui
231 2515 345 2577 Moeno
363 2515 609 2589 terminabantur,
629 2513 743 2576 vicinos
770 2514 850 2594 agria
869 2513 930 2576 illia
950 2516 1074 2579 eviden-

55 2624 109 2680 ter
128 2618 276 2695 aasiguetr
301 2635 371 2678 naun
398 2615 481 2677 nulla
505 2617 631 2696 insuper
650 2615 774 2685 alterius
801 2615 834 2677 in
860 2615 909 2677 bis
935 2602 1073 2697 partibus

56 2719 163 2801 populi
193 2718 348 2798 migratio,
373 2725 439 2804 {qua
473 2715 581 2778 dubiae
609 2716 808 2797 possessionis
836 2719 934 2781 solum
961 2720 1074 2782 exoriri
1140 2729 1142 2733 ’

55 2820 224 2903 potuisset,
251 2820 285 2884 in
310 2820 391 2885 illius
410 2818 556 2901 temporis
575 2817 702 2883 historia
727 2827 919 2886 memoretur.
968 2821 1073 2903 ltaque

55 2921 199 2983 videntur
217 2920 294 2983 baec
312 2940 405 3003 parva
424 2921 475 2985 illa
494 2920 687 2982 Alamanniae
707 2923 846 2997 exordia;
875 2942 951 3002 quac
968 2930 1073 3006 poste·

54 3024 187 3090 rioribus
213 3022 347 3089 sacculis
378 3021 522 3109 paulatim
548 3027 651 3098 auda,
685 3021 780 3087 donoc
808 3024 841 3087 in
869 3025 1072 3105 formidandas

864 3178 867 3183 .
967 3125 1073 3191 vicinis

74 3264 108 3353 *)
129 3265 265 3352 Vellejus
285 3265 516 3333 Paterculus'n
537 3266 569 3328 2.
595 3284 622 3329 o.
645 3264 717 3329 108

74 3364 123 3454 sus)
145 3367 385 3451 Straboiieogr.
405 3369 442 3434 L.
461 3368 493 3433 i.
513 3389 546 3453 p.
567 3368 642 3433 800.

75 3466 168 3556 m)
161 3471 264 3535 Germ.
286 3490 313 3534 c.
335 3472 387 3535 21.

74 3569 149 3675 ql)
134 3571 206 3641 Sive
226 3573 348 3638 mans-
355 3571 533 3636 liheuanrmr
552 3571 686 3634 limitem.
728 3567 871 3657 Diversae
900 3576 971 3636 sunt
989 3513 1071 3636 Dru·

118 3659 250 3723 ditonus
288 3650 328 3720 de
357 3659 407 3720 bis
442 3660 521 3741 agris
549 3658 735 3732 sententiae,
772 3657 853 3717 inter
882 3679 955 3739 quas
988 3660 1070 3722 illam

115 3742 212 3825 lipsii
232 3744 264 3806 in
279 3745 478 3808 Dommentar.
497 3743 536 3804 ad
554 3744 636 3807 hunc
652 3741 750 3804 locum
765 3743 885 3805 minime
898 3744 1069 3824 probamus,

11 3828 17 3875 ἑ
114 3828 168 3908 qui
188 3828 332 3892 militibus
352 3829 438 3893 datos
458 3830 555 3891 fuisse
573 3848 592 3890 a
609 3827 751 3892 Damania
771 3826 829 3891 boa
847 3848 936 3910 agros
955 3831 1069 3892 statuit.

115 3911 243 3976 Rectius
265 3914 392 3991 dicitur,
414 3915 640 3999 quibuscunque
660 3913 773 3975 colonis
794 3914 850 3975 sub
872 3914 1070 3978 Decumarum

115 4017 213 4061 ouere
250 3998 399 4064 Romanos
442 4001 565 4062 cosdem
600 4019 690 4080 agros
733 3999 926 4061 concessisse.
985 4000 1070 4063 llaec

89 4084 353 4233 ιἓιῐιοειιιῐίιιιιι·
393 4088 533 4196 equidem
558 4087 658 4189 aliubi
688 4084 776 4167 plura
807 4083 847 4146 de
872 4070 1068 4148 Decumoti·

139 4189 176 4232 ns
197 4189 290 4252 agros
