<?xml version="1.0" encoding="UTF-8"?>
<!DOCTYPE html PUBLIC "-//W3C//DTD XHTML 1.0 Transitional//EN"
    "http://www.w3.org/TR/xhtml1/DTD/xhtml1-transitional.dtd">
<html xmlns="http://www.w3.org/1999/xhtml" xml:lang="en" lang="en">
 <head>
  <title>
</title>
<meta http-equiv="Content-Type" content="text/html;charset=utf-8" />
  <meta name='ocr-system' content='tesseract 3.04.00' />
  <meta name='ocr-capabilities' content='ocr_page ocr_carea ocr_par ocr_line ocrx_word'/>
</head>
<body>
  <div class='ocr_page' id='page_1' title='image "./johdanielisscho00schogoog_0047.png"; bbox 0 0 2722 4806; ppageno 0'>
   <div class='ocr_carea' id='block_1_1' title="bbox 544 321 968 410">
    <p class='ocr_par' dir='ltr' id='par_1_1' title="bbox 544 321 968 410">
     <span class='ocr_line' id='line_1_1' title="bbox 544 321 968 410; baseline 0 -39"><span class='ocrx_word' id='word_1_1' title='bbox 544 321 968 410; x_wconf 36' lang='lat' dir='ltr'><strong>..fle-t</strong></span> 
     </span>
    </p>
   </div>
   <div class='ocr_carea' id='block_1_2' title="bbox 97 488 1202 884">
    <p class='ocr_par' dir='ltr' id='par_1_2' title="bbox 97 488 1202 883">
     <span class='ocr_line' id='line_1_2' title="bbox 182 488 1201 573; baseline 0.009 -24"><span class='ocrx_word' id='word_1_2' title='bbox 182 543 184 549; x_wconf 92' lang='lat'><strong>.</strong></span> <span class='ocrx_word' id='word_1_3' title='bbox 267 491 360 557; x_wconf 83' lang='lat' dir='ltr'><strong>Parta</strong></span> <span class='ocrx_word' id='word_1_4' title='bbox 385 496 449 560; x_wconf 83' lang='lat' dir='ltr'><strong>tom</strong></span> <span class='ocrx_word' id='word_1_5' title='bbox 473 488 585 573; x_wconf 76' lang='lat' dir='ltr'><strong>insigni</strong></span> <span class='ocrx_word' id='word_1_6' title='bbox 613 489 740 555; x_wconf 83' lang='lat' dir='ltr'><strong>victorio</strong></span> <span class='ocrx_word' id='word_1_7' title='bbox 768 491 903 556; x_wconf 84' lang='lat' dir='ltr'><strong>Julianus</strong></span> <span class='ocrx_word' id='word_1_8' title='bbox 925 491 965 554; x_wconf 91' lang='lat' dir='ltr'><strong>ad</strong></span> <span class='ocrx_word' id='word_1_9' title='bbox 985 490 1065 556; x_wconf 82' lang='lat' dir='ltr'><strong>Tres</strong></span> <span class='ocrx_word' id='word_1_10' title='bbox 1087 493 1201 557; x_wconf 77' lang='lat' dir='ltr'><strong>Taber-</strong></span> 
     </span>
     <span class='ocr_line' id='line_1_3' title="bbox 97 594 1202 699; baseline -0.001 -39"><span class='ocrx_word' id='word_1_11' title='bbox 97 667 103 688; x_wconf 28' lang='grc' dir='ltr'><strong>ς</strong></span> <span class='ocrx_word' id='word_1_12' title='bbox 180 613 237 664; x_wconf 85' lang='lat' dir='ltr'><strong>nas</strong></span> <span class='ocrx_word' id='word_1_13' title='bbox 255 614 413 699; x_wconf 72' lang='lat' dir='ltr'>regressus</span> <span class='ocrx_word' id='word_1_14' title='bbox 443 600 508 670; x_wconf 84' lang='lat' dir='ltr'><strong>est,</strong></span> <span class='ocrx_word' id='word_1_15' title='bbox 537 594 652 676; x_wconf 83' lang='lat' dir='ltr'><strong>praeda</strong></span> <span class='ocrx_word' id='word_1_16' title='bbox 680 600 714 658; x_wconf 87' lang='lat' dir='ltr'><strong>et</strong></span> <span class='ocrx_word' id='word_1_17' title='bbox 742 595 906 676; x_wconf 79' lang='lat' dir='ltr'><strong>captivis</strong></span> <span class='ocrx_word' id='word_1_18' title='bbox 895 613 929 656; x_wconf 89' lang='grc' dir='ltr'><strong>ιι</strong></span> <span class='ocrx_word' id='word_1_19' title='bbox 955 595 1202 667; x_wconf 82' lang='lat' dir='ltr'><strong>Mediomatrioes</strong></span> 
     </span>
     <span class='ocr_line' id='line_1_4' title="bbox 179 678 1202 780; baseline 0 -18"><span class='ocrx_word' id='word_1_20' title='bbox 179 678 322 762; x_wconf 77' lang='lat' dir='ltr'><strong>dimissis</strong></span> <span class='ocrx_word' id='word_1_21' title='bbox 376 697 600 777; x_wconf 81' lang='lat' dir='ltr'><strong>Mogontiacum</strong></span> <span class='ocrx_word' id='word_1_22' title='bbox 633 696 706 763; x_wconf 85' lang='lat' dir='ltr'><strong>inde</strong></span> <span class='ocrx_word' id='word_1_23' title='bbox 738 714 919 779; x_wconf 81' lang='lat' dir='ltr'><strong>progressus</strong></span> <span class='ocrx_word' id='word_1_24' title='bbox 953 697 1078 759; x_wconf 85' lang='lat' dir='ltr'><strong>fluvium</strong></span> <span class='ocrx_word' id='word_1_25' title='bbox 1108 704 1202 780; x_wconf 75' lang='lat' dir='ltr'><strong>ponto</strong></span> 
     </span>
     <span class='ocr_line' id='line_1_5' title="bbox 180 795 1201 884; baseline -0.003 -17"><span class='ocrx_word' id='word_1_26' title='bbox 180 801 317 883; x_wconf 76' lang='lat' dir='ltr'><strong>trajecit,</strong></span> <span class='ocrx_word' id='word_1_27' title='bbox 339 804 371 862; x_wconf 89' lang='lat' dir='ltr'><strong>et</strong></span> <span class='ocrx_word' id='word_1_28' title='bbox 391 799 475 861; x_wconf 83' lang='lat' dir='ltr'><strong>ferro</strong></span> <span class='ocrx_word' id='word_1_29' title='bbox 494 799 671 880; x_wconf 85' lang='lat' dir='ltr'><strong>flammaque</strong></span> <span class='ocrx_word' id='word_1_30' title='bbox 691 799 724 861; x_wconf 91' lang='lat' dir='ltr'><strong>in</strong></span> <span class='ocrx_word' id='word_1_31' title='bbox 750 797 842 860; x_wconf 86' lang='lat' dir='ltr'><strong>terris</strong></span> <span class='ocrx_word' id='word_1_32' title='bbox 865 795 1028 884; x_wconf 83' lang='lat' dir='ltr'><strong>hostilibus</strong></span> <span class='ocrx_word' id='word_1_33' title='bbox 1047 808 1201 880; x_wconf 72' lang='grc' dir='ltr'>ςιιιιιιιι</span> 
     </span>
    </p>
   </div>
   <div class='ocr_carea' id='block_1_3' title="bbox 78 899 1200 984">
    <p class='ocr_par' dir='ltr' id='par_1_3' title="bbox 78 899 1200 984">
     <span class='ocr_line' id='line_1_6' title="bbox 78 899 1200 984; baseline -0.001 -18"><span class='ocrx_word' id='word_1_34' title='bbox 78 916 94 971; x_wconf 70' lang='lat' dir='ltr'><em>f</em></span> <span class='ocrx_word' id='word_1_35' title='bbox 178 909 247 966; x_wconf 76' lang='lat' dir='ltr'><strong>estc</strong></span> <span class='ocrx_word' id='word_1_36' title='bbox 282 900 381 964; x_wconf 84' lang='lat' dir='ltr'><strong>adacti</strong></span> <span class='ocrx_word' id='word_1_37' title='bbox 412 901 452 961; x_wconf 91' lang='lat' dir='ltr'><strong>sd</strong></span> <span class='ocrx_word' id='word_1_38' title='bbox 487 919 592 981; x_wconf 80' lang='lat' dir='ltr'><strong>paoem</strong></span> <span class='ocrx_word' id='word_1_39' title='bbox 621 901 801 975; x_wconf 70' lang='lat' dir='ltr'><strong>Alemanni,</strong></span> <span class='ocrx_word' id='word_1_40' title='bbox 835 899 970 960; x_wconf 80' lang='lat' dir='ltr'><strong>veniam.</strong></span> <span class='ocrx_word' id='word_1_41' title='bbox 986 901 1200 984; x_wconf 82' lang='lat' dir='ltr'><strong>impetrauere.</strong></span> 
     </span>
    </p>
   </div>
   <div class='ocr_carea' id='block_1_4' title="bbox 176 1000 1201 1185">
    <p class='ocr_par' dir='ltr' id='par_1_4' title="bbox 176 1000 1201 1185">
     <span class='ocr_line' id='line_1_7' title="bbox 177 1000 1201 1098; baseline 0.003 -31"><span class='ocrx_word' id='word_1_42' title='bbox 177 1003 256 1067; x_wconf 84' lang='lat' dir='ltr'><strong>Data</strong></span> <span class='ocrx_word' id='word_1_43' title='bbox 282 1004 315 1065; x_wconf 88' lang='lat' dir='ltr'><strong>ia</strong></span> <span class='ocrx_word' id='word_1_44' title='bbox 342 1021 477 1077; x_wconf 83' lang='lat' dir='ltr'><strong>mensem</strong></span> <span class='ocrx_word' id='word_1_45' title='bbox 496 1001 663 1064; x_wconf 76' lang='lat' dir='ltr'><strong>decimum.</strong></span> <span class='ocrx_word' id='word_1_46' title='bbox 706 1003 773 1081; x_wconf 78' lang='lat' dir='ltr'><strong>Qua</strong></span> <span class='ocrx_word' id='word_1_47' title='bbox 795 1000 906 1062; x_wconf 84' lang='lat' dir='ltr'><strong>fiducie</strong></span> <span class='ocrx_word' id='word_1_48' title='bbox 926 1005 1022 1066; x_wconf 86' lang='lat' dir='ltr'><strong>erecti</strong></span> <span class='ocrx_word' id='word_1_49' title='bbox 1041 1012 1106 1068; x_wconf 86' lang='lat' dir='ltr'><strong>tres</strong></span> <span class='ocrx_word' id='word_1_50' title='bbox 1126 1006 1201 1098; x_wconf 63' lang='lat' dir='ltr'><strong>Alef</strong></span> 
     </span>
     <span class='ocr_line' id='line_1_8' title="bbox 176 1103 1198 1185; baseline 0 -16"><span class='ocrx_word' id='word_1_51' title='bbox 176 1124 355 1175; x_wconf 78' lang='lat' dir='ltr'><strong>maurorum</strong></span> <span class='ocrx_word' id='word_1_52' title='bbox 383 1103 506 1184; x_wconf 77' lang='lat' dir='ltr'><strong>Reges,</strong></span> <span class='ocrx_word' id='word_1_53' title='bbox 544 1104 596 1185; x_wconf 89' lang='lat' dir='ltr'><strong>qui</strong></span> <span class='ocrx_word' id='word_1_54' title='bbox 622 1104 789 1184; x_wconf 78' lang='lat' dir='ltr'><strong>praeterito</strong></span> <span class='ocrx_word' id='word_1_55' title='bbox 817 1103 898 1166; x_wconf 86' lang='lat' dir='ltr'><strong>bello</strong></span> <span class='ocrx_word' id='word_1_56' title='bbox 925 1106 1035 1167; x_wconf 85' lang='lat' dir='ltr'><strong>auxilio</strong></span> <span class='ocrx_word' id='word_1_57' title='bbox 1060 1108 1198 1170; x_wconf 73' lang='lat' dir='ltr'><strong>hostibus</strong></span> 
     </span>
    </p>
   </div>
   <div class='ocr_carea' id='block_1_5' title="bbox 71 1206 1199 1289">
    <p class='ocr_par' dir='ltr' id='par_1_5' title="bbox 71 1206 1199 1289">
     <span class='ocr_line' id='line_1_9' title="bbox 71 1206 1199 1289; baseline 0.002 -18"><span class='ocrx_word' id='word_1_58' title='bbox 71 1207 74 1221; x_wconf 78' lang='grc'>”</span> <span class='ocrx_word' id='word_1_59' title='bbox 176 1207 465 1288; x_wconf 79' lang='lat' dir='ltr'><strong>suppeditaverant,</strong></span> <span class='ocrx_word' id='word_1_60' title='bbox 499 1206 651 1287; x_wconf 82' lang='lat' dir='ltr'><strong>supplices</strong></span> <span class='ocrx_word' id='word_1_61' title='bbox 681 1210 713 1269; x_wconf 85' lang='lat' dir='ltr'><strong>et</strong></span> <span class='ocrx_word' id='word_1_62' title='bbox 744 1206 858 1287; x_wconf 81' lang='lat' dir='ltr'><strong>trepidi</strong></span> <span class='ocrx_word' id='word_1_63' title='bbox 881 1208 921 1269; x_wconf 85' lang='lat' dir='ltr'><strong>sd</strong></span> <span class='ocrx_word' id='word_1_64' title='bbox 941 1208 1077 1270; x_wconf 79' lang='lat' dir='ltr'><strong>Caesaris</strong></span> <span class='ocrx_word' id='word_1_65' title='bbox 1100 1229 1199 1289; x_wconf 80' lang='lat' dir='ltr'><strong>genua</strong></span> 
     </span>
    </p>
   </div>
   <div class='ocr_carea' id='block_1_6' title="bbox 149 1298 1197 1401">
    <p class='ocr_par' dir='ltr' id='par_1_6' title="bbox 149 1298 1197 1401">
     <span class='ocr_line' id='line_1_10' title="bbox 149 1298 1197 1401; baseline 0.006 -30"><span class='ocrx_word' id='word_1_66' title='bbox 149 1308 333 1384; x_wconf 49' lang='lat' dir='ltr'><strong>¹succidere,</strong></span> <span class='ocrx_word' id='word_1_67' title='bbox 361 1309 584 1389; x_wconf 59' lang='lat' dir='ltr'><strong>conceptisque,</strong></span> <span class='ocrx_word' id='word_1_68' title='bbox 602 1308 665 1370; x_wconf 87' lang='lat' dir='ltr'><strong>ritu</strong></span> <span class='ocrx_word' id='word_1_69' title='bbox 691 1307 791 1401; x_wconf 76' lang='lat' dir='ltr'><strong>patrio</strong></span> <span class='ocrx_word' id='word_1_70' title='bbox 818 1298 938 1384; x_wconf 79' lang='lat' dir='ltr'><strong>verbis,</strong></span> <span class='ocrx_word' id='word_1_71' title='bbox 965 1310 1040 1373; x_wconf 89' lang='lat' dir='ltr'><strong>nihil</strong></span> <span class='ocrx_word' id='word_1_72' title='bbox 1061 1314 1197 1377; x_wconf 80' lang='lat' dir='ltr'><strong>moturos</strong></span> 
     </span>
    </p>
   </div>
   <div class='ocr_carea' id='block_1_7' title="bbox 18 1404 1197 1495">
    <p class='ocr_par' dir='ltr' id='par_1_7' title="bbox 18 1404 1197 1495">
     <span class='ocr_line' id='line_1_11' title="bbox 18 1404 1197 1495; baseline 0.004 -25"><span class='ocrx_word' id='word_1_73' title='bbox 18 1452 20 1459; x_wconf 85' lang='lat'><em>-</em></span> <span class='ocrx_word' id='word_1_74' title='bbox 151 1404 324 1495; x_wconf 67' lang='lat' dir='ltr'><strong>vjuravere.</strong></span> <span class='ocrx_word' id='word_1_75' title='bbox 357 1410 403 1473; x_wconf 87' lang='lat' dir='ltr'><strong>lte</strong></span> <span class='ocrx_word' id='word_1_76' title='bbox 421 1431 496 1493; x_wconf 84' lang='lat' dir='ltr'><strong>pace</strong></span> <span class='ocrx_word' id='word_1_77' title='bbox 515 1409 555 1471; x_wconf 85' lang='lat' dir='ltr'><strong>ad</strong></span> <span class='ocrx_word' id='word_1_78' title='bbox 575 1415 695 1490; x_wconf 78' lang='lat' dir='ltr'><strong>tempus</strong></span> <span class='ocrx_word' id='word_1_79' title='bbox 709 1409 835 1485; x_wconf 79' lang='lat' dir='ltr'><strong>firmata,</strong></span> <span class='ocrx_word' id='word_1_80' title='bbox 855 1418 1093 1492; x_wconf 81' lang='lat' dir='ltr'><strong>restauratoquo,</strong></span> <span class='ocrx_word' id='word_1_81' title='bbox 1115 1413 1197 1493; x_wconf 89' lang='lat' dir='ltr'><strong>quod</strong></span> 
     </span>
    </p>
   </div>
   <div class='ocr_carea' id='block_1_8' title="bbox 146 1510 1197 2188">
    <p class='ocr_par' dir='ltr' id='par_1_8' title="bbox 146 1510 1197 2188">
     <span class='ocr_line' id='line_1_12' title="bbox 174 1510 1197 1596; baseline 0.003 -22"><span class='ocrx_word' id='word_1_82' title='bbox 174 1513 324 1596; x_wconf 73' lang='lat' dir='ltr'><strong>&#39;irajanus</strong></span> <span class='ocrx_word' id='word_1_83' title='bbox 349 1514 383 1574; x_wconf 91' lang='lat' dir='ltr'><strong>in</strong></span> <span class='ocrx_word' id='word_1_84' title='bbox 405 1510 639 1594; x_wconf 81' lang='lat' dir='ltr'><strong>ullemlsunorum</strong></span> <span class='ocrx_word' id='word_1_85' title='bbox 659 1510 955 1574; x_wconf 80' lang='lat' dir='ltr'><strong>solo-construxerat</strong></span> <span class='ocrx_word' id='word_1_86' title='bbox 978 1515 1067 1588; x_wconf 73' lang='lat' dir='ltr'><strong>olim,</strong></span> <span class='ocrx_word' id='word_1_87' title='bbox 1100 1515 1197 1594; x_wconf 84' lang='lat' dir='ltr'><strong>quod·</strong></span> 
     </span>
     <span class='ocr_line' id='line_1_13' title="bbox 174 1607 1195 1707; baseline 0.002 -31"><span class='ocrx_word' id='word_1_88' title='bbox 174 1618 235 1697; x_wconf 74' lang='lat' dir='ltr'><strong>quis</strong></span> <span class='ocrx_word' id='word_1_89' title='bbox 256 1614 459 1695; x_wconf 87' lang='lat' dir='ltr'><strong>jampridem</strong></span> <span class='ocrx_word' id='word_1_90' title='bbox 488 1614 622 1675; x_wconf 85' lang='lat' dir='ltr'><strong>dirutbm</strong></span> <span class='ocrx_word' id='word_1_91' title='bbox 642 1607 768 1687; x_wconf 63' lang='lat' dir='ltr'><strong>fuerat,&#39;</strong></span> <span class='ocrx_word' id='word_1_92' title='bbox 789 1614 972 1676; x_wconf 92' lang='lat' dir='ltr'><strong>munimento</strong></span> <span class='ocrx_word' id='word_1_93' title='bbox 981 1618 993 1690; x_wconf 63' lang='lat'><strong>‚‘</strong></span> <span class='ocrx_word' id='word_1_94' title='bbox 1003 1612 1032 1700; x_wconf 84' lang='lat'><strong>*)</strong></span> <span class='ocrx_word' id='word_1_95' title='bbox 1061 1616 1195 1707; x_wconf 68' lang='lat' dir='ltr'><strong>Parisios</strong></span> 
     </span>
     <span class='ocr_line' id='line_1_14' title="bbox 172 1714 1195 1799; baseline 0.001 -21"><span class='ocrx_word' id='word_1_96' title='bbox 172 1715 213 1778; x_wconf 86' lang='lat' dir='ltr'><strong>ed</strong></span> <span class='ocrx_word' id='word_1_97' title='bbox 242 1716 370 1776; x_wconf 87' lang='lat' dir='ltr'><strong>hiberno</strong></span> <span class='ocrx_word' id='word_1_98' title='bbox 399 1716 491 1776; x_wconf 91' lang='lat' dir='ltr'><strong>rediit</strong></span> <span class='ocrx_word' id='word_1_99' title='bbox 518 1716 662 1779; x_wconf 73' lang='lat' dir='ltr'><strong>Julianus,</strong></span> <span class='ocrx_word' id='word_1_100' title='bbox 714 1714 755 1776; x_wconf 81' lang='lat' dir='ltr'><strong>At</strong></span> <span class='ocrx_word' id='word_1_101' title='bbox 781 1715 954 1790; x_wconf 75' lang='lat' dir='ltr'>Alemanni,</span> <span class='ocrx_word' id='word_1_102' title='bbox 987 1737 1054 1778; x_wconf 90' lang='lat' dir='ltr'><strong>cum</strong></span> <span class='ocrx_word' id='word_1_103' title='bbox 1086 1718 1195 1799; x_wconf 85' lang='lat' dir='ltr'><strong>quibus</strong></span> 
     </span>
     <span class='ocr_line' id='line_1_15' title="bbox 146 1814 1194 1901; baseline 0 -19"><span class='ocrx_word' id='word_1_104' title='bbox 146 1833 148 1838; x_wconf 87' lang='lat'>&#39;</span> <span class='ocrx_word' id='word_1_105' title='bbox 173 1836 325 1901; x_wconf 82' lang='lat' dir='ltr'><strong>nunquam</strong></span> <span class='ocrx_word' id='word_1_106' title='bbox 346 1814 412 1879; x_wconf 84' lang='lat' dir='ltr'><strong>tuta</strong></span> <span class='ocrx_word' id='word_1_107' title='bbox 432 1837 511 1899; x_wconf 77' lang='lat' dir='ltr'><strong>par,</strong></span> <span class='ocrx_word' id='word_1_108' title='bbox 532 1816 737 1878; x_wconf 76' lang='lat' dir='ltr'><strong>occasionibus</strong></span> <span class='ocrx_word' id='word_1_109' title='bbox 759 1817 878 1890; x_wconf 71' lang='lat' dir='ltr'><strong>intenti,</strong></span> <span class='ocrx_word' id='word_1_110' title='bbox 898 1821 1050 1897; x_wconf 75' lang='lat' dir='ltr'><strong>occupatis</strong></span> <span class='ocrx_word' id='word_1_111' title='bbox 1068 1819 1194 1882; x_wconf 85' lang='lat' dir='ltr'><strong>Persico</strong></span> 
     </span>
     <span class='ocr_line' id='line_1_16' title="bbox 170 1906 1192 2009; baseline 0.002 -28"><span class='ocrx_word' id='word_1_112' title='bbox 170 1908 254 2004; x_wconf 72' lang='lat' dir='ltr'><strong>bello</strong></span> <span class='ocrx_word' id='word_1_113' title='bbox 279 1906 437 1995; x_wconf 73' lang='lat' dir='ltr'><strong>Romanis,</strong></span> <span class='ocrx_word' id='word_1_114' title='bbox 468 1920 555 1984; x_wconf 90' lang='lat' dir='ltr'><strong>obliti</strong></span> <span class='ocrx_word' id='word_1_115' title='bbox 582 1934 661 1979; x_wconf 90' lang='lat' dir='ltr'><strong>anno</strong></span> <span class='ocrx_word' id='word_1_116' title='bbox 691 1918 829 1997; x_wconf 76' lang='lat' dir='ltr'><strong>sequenti</strong></span> <span class='ocrx_word' id='word_1_117' title='bbox 855 1919 937 1997; x_wconf 87' lang='lat' dir='ltr'><strong>pacis</strong></span> <span class='ocrx_word' id='word_1_118' title='bbox 964 1919 1192 2009; x_wconf 80' lang='lat' dir='ltr'><strong>foederumque,</strong></span> 
     </span>
     <span class='ocr_line' id='line_1_17' title="bbox 172 2015 1192 2103; baseline 0.004 -22"><span class='ocrx_word' id='word_1_119' title='bbox 172 2022 273 2095; x_wconf 87' lang='lat' dir='ltr'><strong>denuo</strong></span> <span class='ocrx_word' id='word_1_120' title='bbox 294 2022 400 2083; x_wconf 87' lang='lat' dir='ltr'><strong>turbas</strong></span> <span class='ocrx_word' id='word_1_121' title='bbox 421 2020 544 2082; x_wconf 81' lang='lat' dir='ltr'><strong>dedere.</strong></span> <span class='ocrx_word' id='word_1_122' title='bbox 581 2018 738 2098; x_wconf 78' lang='lat' dir='ltr'><strong>Jutlruugl,</strong></span> <span class='ocrx_word' id='word_1_123' title='bbox 752 2015 798 2103; x_wconf 88' lang='grc'><strong>*1)</strong></span> <span class='ocrx_word' id='word_1_124' title='bbox 819 2019 1010 2084; x_wconf 84' lang='lat' dir='ltr'><strong>Alemounica</strong></span> <span class='ocrx_word' id='word_1_125' title='bbox 1029 2024 1111 2085; x_wconf 89' lang='lat' dir='ltr'><strong>natio</strong></span> <span class='ocrx_word' id='word_1_126' title='bbox 1132 2025 1192 2086; x_wconf 89' lang='lat' dir='ltr'><strong>lta·</strong></span> 
     </span>
     <span class='ocr_line' id='line_1_18' title="bbox 535 2126 1190 2188; baseline 0.005 -3"><span class='ocrx_word' id='word_1_127' title='bbox 535 2141 537 2145; x_wconf 77' lang='grc'>’</span> <span class='ocrx_word' id='word_1_128' title='bbox 1131 2126 1190 2188; x_wconf 90' lang='lat' dir='ltr'><strong>liae</strong></span> 
     </span>
    </p>
   </div>
   <div class='ocr_carea' id='block_1_9' title="bbox 145 2250 1197 3283">
    <p class='ocr_par' dir='ltr' id='par_1_9' title="bbox 175 2250 1190 2349">
     <span class='ocr_line' id='line_1_19' title="bbox 175 2250 1190 2349; baseline 0.001 -20.061"><span class='ocrx_word' id='word_1_129' title='bbox 175 2260 435 2337; x_wconf 71' lang='lat' dir='ltr'><strong>cannensem</strong></span> <span class='ocrx_word' id='word_1_130' title='bbox 451 2272 484 2328; x_wconf 88' lang='lat' dir='ltr'><strong>et</strong></span> <span class='ocrx_word' id='word_1_131' title='bbox 513 2250 800 2349; x_wconf 72' lang='lat' dir='ltr'><strong>Argentoratensem</strong></span> <span class='ocrx_word' id='word_1_132' title='bbox 828 2263 939 2330; x_wconf 86' lang='lat' dir='ltr'><strong>clades.</strong></span> <span class='ocrx_word' id='word_1_133' title='bbox 988 2267 1023 2328; x_wconf 93' lang='lat' dir='ltr'><strong>ln</strong></span> <span class='ocrx_word' id='word_1_134' title='bbox 1047 2269 1099 2331; x_wconf 91' lang='lat' dir='ltr'><strong>illa</strong></span> <span class='ocrx_word' id='word_1_135' title='bbox 1126 2269 1190 2330; x_wconf 68' lang='lat' dir='ltr'><strong>Ro</strong></span> 
     </span>
    </p>

    <p class='ocr_par' dir='ltr' id='par_1_10' title="bbox 172 2348 1189 2519">
     <span class='ocr_line' id='line_1_20' title="bbox 172 2348 1189 2428; baseline 0 -12"><span class='ocrx_word' id='word_1_136' title='bbox 172 2418 185 2427; x_wconf 19' lang='grc' dir='ltr'><strong>ξ</strong></span> <span class='ocrx_word' id='word_1_137' title='bbox 231 2353 312 2416; x_wconf 87' lang='lat' dir='ltr'><strong>mani</strong></span> <span class='ocrx_word' id='word_1_138' title='bbox 332 2352 404 2415; x_wconf 82' lang='lat' dir='ltr'><strong>victi</strong></span> <span class='ocrx_word' id='word_1_139' title='bbox 424 2353 567 2428; x_wconf 83' lang='lat' dir='ltr'><strong>fuerunt</strong></span> <span class='ocrx_word' id='word_1_140' title='bbox 592 2354 796 2415; x_wconf 75' lang='lat' dir='ltr'><strong>inhaesero</strong></span> <span class='ocrx_word' id='word_1_141' title='bbox 817 2351 931 2415; x_wconf 87' lang='lat' dir='ltr'><strong>hostes.</strong></span> <span class='ocrx_word' id='word_1_142' title='bbox 974 2348 1117 2415; x_wconf 82' lang='lat' dir='ltr'><strong>Tandem</strong></span> <span class='ocrx_word' id='word_1_143' title='bbox 1129 2371 1189 2416; x_wconf 83' lang='lat' dir='ltr'><strong>vox</strong></span> 
     </span>
     <span class='ocr_line' id='line_1_21' title="bbox 255 2426 1188 2519; baseline 0.001 -20"><span class='ocrx_word' id='word_1_144' title='bbox 255 2426 407 2499; x_wconf 76' lang='lat' dir='ltr'><strong>condona</strong></span> <span class='ocrx_word' id='word_1_145' title='bbox 420 2439 510 2518; x_wconf 83' lang='lat' dir='ltr'><strong>longe</strong></span> <span class='ocrx_word' id='word_1_146' title='bbox 530 2432 744 2519; x_wconf 80' lang='lat' dir='ltr'><strong>antiquiorem,</strong></span> <span class='ocrx_word' id='word_1_147' title='bbox 774 2457 863 2518; x_wconf 85' lang='lat' dir='ltr'><strong>quam</strong></span> <span class='ocrx_word' id='word_1_148' title='bbox 883 2439 959 2499; x_wconf 86' lang='lat' dir='ltr'><strong>baec</strong></span> <span class='ocrx_word' id='word_1_149' title='bbox 978 2438 1106 2514; x_wconf 89' lang='lat' dir='ltr'><strong>Juliani</strong></span> <span class='ocrx_word' id='word_1_150' title='bbox 1128 2440 1188 2500; x_wconf 87' lang='lat' dir='ltr'><strong>cla-</strong></span> 
     </span>
    </p>

    <p class='ocr_par' dir='ltr' id='par_1_11' title="bbox 172 2457 1188 2772">
     <span class='ocr_line' id='line_1_22' title="bbox 172 2457 1188 2598; baseline 0 -12"><span class='ocrx_word' id='word_1_151' title='bbox 172 2591 179 2598; x_wconf 58' lang='lat'>,</span> <span class='ocrx_word' id='word_1_152' title='bbox 230 2457 307 2586; x_wconf 74' lang='lat' dir='ltr'><strong>dem</strong></span> <span class='ocrx_word' id='word_1_153' title='bbox 333 2523 497 2585; x_wconf 84' lang='lat' dir='ltr'><strong>Ausonium</strong></span> <span class='ocrx_word' id='word_1_154' title='bbox 524 2523 711 2585; x_wconf 75' lang='lat' dir='ltr'><strong>intellexisse</strong></span> <span class='ocrx_word' id='word_1_155' title='bbox 740 2515 883 2595; x_wconf 64' lang='lat' dir='ltr'><strong>ostendit</strong></span> <span class='ocrx_word' id='word_1_156' title='bbox 933 2523 1005 2582; x_wconf 84' lang='lat' dir='ltr'><strong>Fuit</strong></span> <span class='ocrx_word' id='word_1_157' title='bbox 1031 2525 1111 2585; x_wconf 88' lang='lat' dir='ltr'><strong>euim</strong></span> <span class='ocrx_word' id='word_1_158' title='bbox 1136 2526 1188 2586; x_wconf 90' lang='lat' dir='ltr'><strong>hic</strong></span> 
     </span>
     <span class='ocr_line' id='line_1_23' title="bbox 173 2590 1188 2693; baseline -0.001 -21"><span class='ocrx_word' id='word_1_159' title='bbox 173 2683 178 2693; x_wconf 76' lang='lat'><strong>.</strong></span> <span class='ocrx_word' id='word_1_160' title='bbox 226 2608 379 2681; x_wconf 84' lang='lat' dir='ltr'><strong>Ausonius</strong></span> <span class='ocrx_word' id='word_1_161' title='bbox 401 2608 456 2668; x_wconf 88' lang='lat' dir='ltr'><strong>sub</strong></span> <span class='ocrx_word' id='word_1_162' title='bbox 470 2600 688 2669; x_wconf 83' lang='lat' dir='ltr'><strong>Valentrmano</strong></span> <span class='ocrx_word' id='word_1_163' title='bbox 706 2606 729 2667; x_wconf 94' lang='lat'><em>1</em></span> <span class='ocrx_word' id='word_1_164' title='bbox 747 2590 925 2667; x_wconf 80' lang='lat' dir='ltr'><strong>Praefectus</strong></span> <span class='ocrx_word' id='word_1_165' title='bbox 943 2605 1100 2669; x_wconf 86' lang='lat' dir='ltr'><strong>Praetorio</strong></span> <span class='ocrx_word' id='word_1_166' title='bbox 1115 2610 1188 2671; x_wconf 87' lang='lat' dir='ltr'><strong>Gal·</strong></span> 
     </span>
     <span class='ocr_line' id='line_1_24' title="bbox 230 2680 1186 2772; baseline 0 -17"><span class='ocrx_word' id='word_1_167' title='bbox 230 2685 354 2766; x_wconf 77' lang='lat' dir='ltr'><strong>liarum3</strong></span> <span class='ocrx_word' id='word_1_168' title='bbox 388 2684 470 2753; x_wconf 91' lang='lat' dir='ltr'><strong>unde</strong></span> <span class='ocrx_word' id='word_1_169' title='bbox 496 2690 593 2752; x_wconf 86' lang='lat' dir='ltr'><strong>Poeta</strong></span> <span class='ocrx_word' id='word_1_170' title='bbox 613 2691 698 2752; x_wconf 91' lang='lat' dir='ltr'><strong>illam</strong></span> <span class='ocrx_word' id='word_1_171' title='bbox 723 2680 841 2752; x_wconf 86' lang='lat' dir='ltr'><strong>cladem</strong></span> <span class='ocrx_word' id='word_1_172' title='bbox 864 2689 985 2753; x_wconf 79' lang='lat' dir='ltr'><strong>videtur</strong></span> <span class='ocrx_word' id='word_1_173' title='bbox 1005 2693 1186 2772; x_wconf 77' lang='lat' dir='ltr'><strong>intelligere,</strong></span> 
     </span>
    </p>

    <p class='ocr_par' dir='ltr' id='par_1_12' title="bbox 145 2772 1197 3283">
     <span class='ocr_line' id='line_1_25' title="bbox 173 2772 1197 2858; baseline 0.003 -20"><span class='ocrx_word' id='word_1_174' title='bbox 173 2772 179 2781; x_wconf 82' lang='grc'><strong>’</strong></span> <span class='ocrx_word' id='word_1_175' title='bbox 226 2778 270 2839; x_wconf 87' lang='lat' dir='ltr'><strong>de</strong></span> <span class='ocrx_word' id='word_1_176' title='bbox 293 2791 351 2857; x_wconf 88' lang='lat' dir='ltr'><strong>qua</strong></span> <span class='ocrx_word' id='word_1_177' title='bbox 376 2777 498 2838; x_wconf 84' lang='lat' dir='ltr'><strong>Tacitus</strong></span> <span class='ocrx_word' id='word_1_178' title='bbox 517 2776 720 2838; x_wconf 87' lang='lat' dir='ltr'><strong>Historiarum</strong></span> <span class='ocrx_word' id='word_1_179' title='bbox 748 2776 784 2837; x_wconf 85' lang='lat'><strong>1.</strong></span> <span class='ocrx_word' id='word_1_180' title='bbox 797 2776 829 2837; x_wconf 89' lang='lat'>4</span> <span class='ocrx_word' id='word_1_181' title='bbox 852 2781 884 2837; x_wconf 89' lang='lat' dir='ltr'><strong>et</strong></span> <span class='ocrx_word' id='word_1_182' title='bbox 904 2778 970 2838; x_wconf 89' lang='lat' dir='ltr'><strong>loco</strong></span> <span class='ocrx_word' id='word_1_183' title='bbox 991 2779 1197 2858; x_wconf 74' lang='lat' dir='ltr'><strong>Argentorati,</strong></span> 
     </span>
     <span class='ocr_line' id='line_1_26' title="bbox 171 2861 1186 2945; baseline 0 -21"><span class='ocrx_word' id='word_1_184' title='bbox 171 2862 178 2935; x_wconf 60' lang='grc' dir='ltr'>Ῐ</span> <span class='ocrx_word' id='word_1_185' title='bbox 226 2863 455 2942; x_wconf 80' lang='lat' dir='ltr'><strong>intelligendum</strong></span> <span class='ocrx_word' id='word_1_186' title='bbox 476 2861 527 2923; x_wconf 89' lang='lat' dir='ltr'><strong>hic</strong></span> <span class='ocrx_word' id='word_1_187' title='bbox 548 2862 670 2922; x_wconf 84' lang='lat' dir='ltr'><strong>videtur</strong></span> <span class='ocrx_word' id='word_1_188' title='bbox 689 2861 844 2942; x_wconf 82' lang='lat' dir='ltr'><strong>Bingium</strong></span> <span class='ocrx_word' id='word_1_189' title='bbox 866 2881 904 2922; x_wconf 82' lang='lat' dir='ltr'><strong>ex</strong></span> <span class='ocrx_word' id='word_1_190' title='bbox 925 2863 991 2923; x_wconf 93' lang='lat' dir='ltr'><strong>loco</strong></span> <span class='ocrx_word' id='word_1_191' title='bbox 1004 2863 1186 2945; x_wconf 84' lang='lat' dir='ltr'><strong>Marcellini,</strong></span> 
     </span>
     <span class='ocr_line' id='line_1_27' title="bbox 198 2938 1183 3029; baseline -0.002 -17"><span class='ocrx_word' id='word_1_192' title='bbox 198 3007 201 3012; x_wconf 93' lang='grc'><em>,</em></span> <span class='ocrx_word' id='word_1_193' title='bbox 227 2947 507 3029; x_wconf 77' lang='lat' dir='ltr'><strong>qudextatL.18.</strong></span> <span class='ocrx_word' id='word_1_194' title='bbox 528 2938 590 3008; x_wconf 86' lang='lat' dir='ltr'><strong>vid.</strong></span> <span class='ocrx_word' id='word_1_195' title='bbox 611 2947 781 3008; x_wconf 82' lang='lat' dir='ltr'><strong>Freherum</strong></span> <span class='ocrx_word' id='word_1_196' title='bbox 800 2946 890 3008; x_wconf 89' lang='lat' dir='ltr'><strong>adh.</strong></span> <span class='ocrx_word' id='word_1_197' title='bbox 913 2948 933 3007; x_wconf 96' lang='lat' dir='ltr'><strong>l.</strong></span> <span class='ocrx_word' id='word_1_198' title='bbox 955 2940 1089 3022; x_wconf 80' lang='lat' dir='ltr'><strong>Ausonii,</strong></span> <span class='ocrx_word' id='word_1_199' title='bbox 1111 2948 1183 3010; x_wconf 84' lang='lat' dir='ltr'><strong>ctu</strong></span> 
     </span>
     <span class='ocr_line' id='line_1_28' title="bbox 145 3030 1183 3115; baseline -0.004 -16"><span class='ocrx_word' id='word_1_200' title='bbox 145 3086 151 3099; x_wconf 66' lang='grc'><strong>.</strong></span> <span class='ocrx_word' id='word_1_201' title='bbox 181 3108 183 3115; x_wconf 29' lang='grc' dir='ltr'>Ι</span> <span class='ocrx_word' id='word_1_202' title='bbox 226 3034 346 3095; x_wconf 76' lang='lat' dir='ltr'><strong>verium</strong></span> <span class='ocrx_word' id='word_1_203' title='bbox 373 3032 406 3095; x_wconf 88' lang='lat' dir='ltr'><strong>ln</strong></span> <span class='ocrx_word' id='word_1_204' title='bbox 436 3034 540 3095; x_wconf 85' lang='lat' dir='ltr'><strong>Germ</strong></span> <span class='ocrx_word' id='word_1_205' title='bbox 570 3032 701 3113; x_wconf 87' lang='lat' dir='ltr'><strong>Antiqua</strong></span> <span class='ocrx_word' id='word_1_206' title='bbox 728 3033 763 3094; x_wconf 90' lang='lat' dir='ltr'>L</span> <span class='ocrx_word' id='word_1_207' title='bbox 785 3031 949 3092; x_wconf 80' lang='lat' dir='ltr'><strong>2.c.11.</strong></span> <span class='ocrx_word' id='word_1_208' title='bbox 998 3030 1077 3091; x_wconf 87' lang='lat' dir='ltr'><strong>Huic</strong></span> <span class='ocrx_word' id='word_1_209' title='bbox 1112 3053 1183 3094; x_wconf 89' lang='lat' dir='ltr'><strong>con·</strong></span> 
     </span>
     <span class='ocr_line' id='line_1_29' title="bbox 164 3100 1182 3197; baseline 0 -17"><span class='ocrx_word' id='word_1_210' title='bbox 164 3122 167 3127; x_wconf 84' lang='grc'><strong>’</strong></span> <span class='ocrx_word' id='word_1_211' title='bbox 225 3100 321 3185; x_wconf 79' lang='lat' dir='ltr'><strong>sentit</strong></span> <span class='ocrx_word' id='word_1_212' title='bbox 339 3118 501 3197; x_wconf 78' lang='lat' dir='ltr'><strong>Dionysius</strong></span> <span class='ocrx_word' id='word_1_213' title='bbox 519 3117 700 3179; x_wconf 83' lang='lat' dir='ltr'><strong>Petavius</strong></span> <span class='ocrx_word' id='word_1_214' title='bbox 690 3138 723 3179; x_wconf 90' lang='grc' dir='ltr'><strong>ιι</strong></span> <span class='ocrx_word' id='word_1_215' title='bbox 740 3117 813 3179; x_wconf 89' lang='lat' dir='ltr'><strong>Not.</strong></span> <span class='ocrx_word' id='word_1_216' title='bbox 834 3115 873 3183; x_wconf 82' lang='lat' dir='ltr'><strong>ad</strong></span> <span class='ocrx_word' id='word_1_217' title='bbox 893 3115 991 3196; x_wconf 79' lang='lat' dir='ltr'><strong>Epist</strong></span> <span class='ocrx_word' id='word_1_218' title='bbox 1012 3117 1122 3178; x_wconf 90' lang='lat' dir='ltr'><strong>Juliani</strong></span> <span class='ocrx_word' id='word_1_219' title='bbox 1143 3120 1182 3180; x_wconf 91' lang='lat' dir='ltr'><strong>ad</strong></span> 
     </span>
     <span class='ocr_line' id='line_1_30' title="bbox 223 3199 1181 3283; baseline -0.001 -18"><span class='ocrx_word' id='word_1_220' title='bbox 223 3204 337 3267; x_wconf 83' lang='lat' dir='ltr'><strong>Athen.</strong></span> <span class='ocrx_word' id='word_1_221' title='bbox 364 3223 395 3283; x_wconf 81' lang='lat' dir='ltr'><strong>p.</strong></span> <span class='ocrx_word' id='word_1_222' title='bbox 417 3203 490 3272; x_wconf 80' lang='lat'><strong>1⁰1.</strong></span> <span class='ocrx_word' id='word_1_223' title='bbox 533 3199 662 3264; x_wconf 88' lang='lat' dir='ltr'><strong>Vinetus</strong></span> <span class='ocrx_word' id='word_1_224' title='bbox 691 3223 749 3282; x_wconf 90' lang='lat' dir='ltr'><strong>per</strong></span> <span class='ocrx_word' id='word_1_225' title='bbox 774 3202 872 3261; x_wconf 81' lang='lat' dir='ltr'><strong>vicum</strong></span> <span class='ocrx_word' id='word_1_226' title='bbox 902 3201 994 3261; x_wconf 86' lang='lat' dir='ltr'><strong>muris</strong></span> <span class='ocrx_word' id='word_1_227' title='bbox 1025 3205 1181 3264; x_wconf 81' lang='lat' dir='ltr'><strong>occasione</strong></span> 
     </span>
    </p>
   </div>
   <div class='ocr_carea' id='block_1_10' title="bbox 15 3287 1181 3370">
    <p class='ocr_par' dir='ltr' id='par_1_13' title="bbox 15 3287 1181 3370">
     <span class='ocr_line' id='line_1_31' title="bbox 15 3287 1181 3370; baseline 0.01 -32"><span class='ocrx_word' id='word_1_228' title='bbox 15 3350 17 3357; x_wconf 61' lang='lat'><strong>.</strong></span> <span class='ocrx_word' id='word_1_229' title='bbox 88 3304 93 3314; x_wconf 72' lang='lat'><strong><em>¹</em></strong></span> <span class='ocrx_word' id='word_1_230' title='bbox 168 3293 188 3311; x_wconf 86' lang='lat'><strong>·&#39;</strong></span> <span class='ocrx_word' id='word_1_231' title='bbox 223 3287 315 3370; x_wconf 87' lang='lat' dir='ltr'><strong>hujus</strong></span> <span class='ocrx_word' id='word_1_232' title='bbox 349 3287 444 3350; x_wconf 88' lang='lat' dir='ltr'><strong>cladis</strong></span> <span class='ocrx_word' id='word_1_233' title='bbox 475 3287 709 3361; x_wconf 90' lang='lat' dir='ltr'><strong>circumdatum</strong></span> <span class='ocrx_word' id='word_1_234' title='bbox 744 3305 801 3347; x_wconf 90' lang='lat' dir='ltr'><strong>nec</strong></span> <span class='ocrx_word' id='word_1_235' title='bbox 833 3287 1084 3364; x_wconf 76' lang='lat' dir='ltr'><strong>Argentoratum</strong></span> <span class='ocrx_word' id='word_1_236' title='bbox 1123 3309 1181 3351; x_wconf 89' lang='lat' dir='ltr'><strong>nec</strong></span> 
     </span>
    </p>
   </div>
   <div class='ocr_carea' id='block_1_11' title="bbox 167 3371 1181 3520">
    <p class='ocr_par' dir='ltr' id='par_1_14' title="bbox 167 3371 1181 3520">
     <span class='ocr_line' id='line_1_32' title="bbox 167 3371 1181 3519; baseline 0.035 -97"><span class='ocrx_word' id='word_1_237' title='bbox 167 3380 193 3451; x_wconf 24' lang='grc' dir='ltr'>Ἰ</span> <span class='ocrx_word' id='word_1_238' title='bbox 220 3373 382 3519; x_wconf 41' lang='lat' dir='ltr'><strong>gusgia?</strong></span> <span class='ocrx_word' id='word_1_239' title='bbox 421 3373 479 3435; x_wconf 92' lang='lat' dir='ltr'><strong>sed</strong></span> <span class='ocrx_word' id='word_1_240' title='bbox 515 3372 596 3435; x_wconf 85' lang='lat' dir='ltr'><strong>Tres</strong></span> <span class='ocrx_word' id='word_1_241' title='bbox 623 3371 778 3435; x_wconf 82' lang='lat' dir='ltr'><strong>Tabernas</strong></span> <span class='ocrx_word' id='word_1_242' title='bbox 814 3371 973 3477; x_wconf 75' lang='lat' dir='ltr'><strong>intelliglli</strong></span> <span class='ocrx_word' id='word_1_243' title='bbox 1008 3390 1114 3436; x_wconf 51' lang='lat' dir='ltr'><strong>Virum</strong></span> <span class='ocrx_word' id='word_1_244' title='bbox 1147 3380 1181 3439; x_wconf 76' lang='grc'><strong>111</strong></span> 
     </span>
     <span class='ocr_line' id='line_1_33' title="bbox 187 3477 390 3520; baseline 0.021 -4"><span class='ocrx_word' id='word_1_245' title='bbox 187 3480 200 3491; x_wconf 95' lang='lat'><strong>··</strong></span> <span class='ocrx_word' id='word_1_246' title='bbox 257 3477 275 3520; x_wconf 92' lang='lat' dir='ltr'><strong>c</strong></span> <span class='ocrx_word' id='word_1_247' title='bbox 303 3479 333 3520; x_wconf 89' lang='lat' dir='ltr'><strong>m</strong></span> <span class='ocrx_word' id='word_1_248' title='bbox 362 3477 390 3520; x_wconf 92' lang='lat' dir='ltr'><strong>e.</strong></span> 
     </span>
    </p>
   </div>
   <div class='ocr_carea' id='block_1_12' title="bbox 122 3557 1178 3916">
    <p class='ocr_par' dir='ltr' id='par_1_15' title="bbox 122 3557 1178 3745">
     <span class='ocr_line' id='line_1_34' title="bbox 188 3557 1178 3662; baseline -0.002 -23"><span class='ocrx_word' id='word_1_249' title='bbox 188 3571 220 3662; x_wconf 82' lang='lat'><strong>*)</strong></span> <span class='ocrx_word' id='word_1_250' title='bbox 241 3557 387 3639; x_wconf 83' lang='lat' dir='ltr'><strong>Coloniae</strong></span> <span class='ocrx_word' id='word_1_251' title='bbox 405 3575 553 3660; x_wconf 81' lang='lat' dir='ltr'><strong>Trojanse</strong></span> <span class='ocrx_word' id='word_1_252' title='bbox 581 3577 694 3640; x_wconf 91' lang='lat' dir='ltr'><strong>mentio</strong></span> <span class='ocrx_word' id='word_1_253' title='bbox 720 3574 753 3638; x_wconf 90' lang='lat' dir='ltr'><strong>iu</strong></span> <span class='ocrx_word' id='word_1_254' title='bbox 772 3574 929 3641; x_wconf 86' lang='lat' dir='ltr'><strong>itinerario</strong></span> <span class='ocrx_word' id='word_1_255' title='bbox 949 3575 1101 3638; x_wconf 82' lang='lat' dir='ltr'><strong>Antonini.</strong></span> <span class='ocrx_word' id='word_1_256' title='bbox 1131 3574 1178 3638; x_wconf 84' lang='lat' dir='ltr'><strong>lie</strong></span> 
     </span>
     <span class='ocr_line' id='line_1_35' title="bbox 122 3658 1176 3745; baseline 0.002 -23"><span class='ocrx_word' id='word_1_257' title='bbox 122 3664 124 3668; x_wconf 79' lang='grc'>’</span> <span class='ocrx_word' id='word_1_258' title='bbox 223 3664 321 3744; x_wconf 90' lang='lat' dir='ltr'><strong>cujus</strong></span> <span class='ocrx_word' id='word_1_259' title='bbox 340 3664 416 3724; x_wconf 85' lang='lat' dir='ltr'><strong>situ</strong></span> <span class='ocrx_word' id='word_1_260' title='bbox 431 3683 538 3742; x_wconf 78' lang='lat' dir='ltr'><strong>magna</strong></span> <span class='ocrx_word' id='word_1_261' title='bbox 564 3670 613 3725; x_wconf 85' lang='lat' dir='ltr'><strong>est</strong></span> <span class='ocrx_word' id='word_1_262' title='bbox 633 3664 714 3724; x_wconf 89' lang='lat' dir='ltr'><strong>inter</strong></span> <span class='ocrx_word' id='word_1_263' title='bbox 742 3658 939 3745; x_wconf 79' lang='lat' dir='ltr'><strong>Geogmpbos</strong></span> <span class='ocrx_word' id='word_1_264' title='bbox 962 3663 1176 3724; x_wconf 83' lang='lat' dir='ltr'><strong>controversia.</strong></span> 
     </span>
    </p>

    <p class='ocr_par' dir='ltr' id='par_1_16' title="bbox 167 3746 1177 3916">
     <span class='ocr_line' id='line_1_36' title="bbox 219 3746 1177 3828; baseline -0.001 -19"><span class='ocrx_word' id='word_1_265' title='bbox 219 3747 387 3809; x_wconf 89' lang='lat' dir='ltr'><strong>Bilibaldus</strong></span> <span class='ocrx_word' id='word_1_266' title='bbox 402 3747 646 3811; x_wconf 84' lang='lat' dir='ltr'><strong>Pirokbeimerus</strong></span> <span class='ocrx_word' id='word_1_267' title='bbox 665 3754 755 3828; x_wconf 89' lang='lat' dir='ltr'><strong>atque</strong></span> <span class='ocrx_word' id='word_1_268' title='bbox 772 3749 906 3812; x_wconf 83' lang='lat' dir='ltr'><strong>Ortelius</strong></span> <span class='ocrx_word' id='word_1_269' title='bbox 928 3747 1071 3828; x_wconf 85' lang='lat' dir='ltr'><strong>oppidum</strong></span> <span class='ocrx_word' id='word_1_270' title='bbox 1085 3746 1177 3808; x_wconf 90' lang='lat' dir='ltr'><strong>Mon</strong></span> 
     </span>
     <span class='ocr_line' id='line_1_37' title="bbox 167 3831 1176 3916; baseline -0.003 -19"><span class='ocrx_word' id='word_1_271' title='bbox 167 3892 180 3901; x_wconf 85' lang='grc'><strong>.,</strong></span> <span class='ocrx_word' id='word_1_272' title='bbox 220 3834 317 3905; x_wconf 82' lang='lat' dir='ltr'><strong>tensis</strong></span> <span class='ocrx_word' id='word_1_273' title='bbox 337 3831 478 3908; x_wconf 77' lang='lat' dir='ltr'><strong>lineatus</strong></span> <span class='ocrx_word' id='word_1_274' title='bbox 499 3835 722 3916; x_wconf 77' lang='lat' dir='ltr'><strong>lieyserswert</strong></span> <span class='ocrx_word' id='word_1_275' title='bbox 740 3835 992 3914; x_wconf 86' lang='lat' dir='ltr'><strong>interpretentur.</strong></span> <span class='ocrx_word' id='word_1_276' title='bbox 1018 3832 1176 3895; x_wconf 85' lang='lat' dir='ltr'><strong>Cluverius</strong></span> 
     </span>
    </p>
   </div>
   <div class='ocr_carea' id='block_1_13' title="bbox 67 3878 1174 4084">
    <p class='ocr_par' dir='ltr' id='par_1_17' title="bbox 67 3878 1174 4084">
     <span class='ocr_line' id='line_1_38' title="bbox 166 3878 1174 3999; baseline 0 -20"><span class='ocrx_word' id='word_1_277' title='bbox 166 3904 183 3926; x_wconf 60' lang='lat'><strong>⁶</strong></span> <span class='ocrx_word' id='word_1_278' title='bbox 220 3918 262 3979; x_wconf 91' lang='lat' dir='ltr'><strong>de</strong></span> <span class='ocrx_word' id='word_1_279' title='bbox 280 3919 365 3990; x_wconf 82' lang='lat' dir='ltr'><strong>vico</strong></span> <span class='ocrx_word' id='word_1_280' title='bbox 387 3919 438 3998; x_wconf 89' lang='lat' dir='ltr'><strong>qni</strong></span> <span class='ocrx_word' id='word_1_281' title='bbox 457 3878 550 3998; x_wconf 81' lang='lat' dir='ltr'><strong>liodie</strong></span> <span class='ocrx_word' id='word_1_282' title='bbox 570 3925 694 3981; x_wconf 84' lang='lat' dir='ltr'><strong>vocatur</strong></span> <span class='ocrx_word' id='word_1_283' title='bbox 712 3917 829 3981; x_wconf 70' lang='lat' dir='ltr'><strong>Hellen</strong></span> <span class='ocrx_word' id='word_1_284' title='bbox 848 3916 928 3981; x_wconf 82' lang='lat'><strong>1.2.</strong></span> <span class='ocrx_word' id='word_1_285' title='bbox 951 3914 1053 3998; x_wconf 86' lang='lat' dir='ltr'><strong>Germ.</strong></span> <span class='ocrx_word' id='word_1_286' title='bbox 1071 3919 1174 3999; x_wconf 79' lang='lat' dir='ltr'><strong>dntiq.</strong></span> 
     </span>
     <span class='ocr_line' id='line_1_39' title="bbox 67 3998 643 4084; baseline 0 -18"><span class='ocrx_word' id='word_1_287' title='bbox 67 3998 70 4009; x_wconf 90' lang='grc'><strong><em>·</em></strong></span> <span class='ocrx_word' id='word_1_288' title='bbox 164 4071 178 4081; x_wconf 68' lang='grc'><strong>,,</strong></span> <span class='ocrx_word' id='word_1_289' title='bbox 219 4004 318 4066; x_wconf 34' lang='lat' dir='ltr'><strong>offra</strong></span> <span class='ocrx_word' id='word_1_290' title='bbox 344 4000 426 4064; x_wconf 86' lang='grc' dir='ltr'>ιιι.</span> <span class='ocrx_word' id='word_1_291' title='bbox 444 4003 480 4065; x_wconf 89' lang='lat'><strong>11</strong></span> <span class='ocrx_word' id='word_1_292' title='bbox 503 4025 533 4084; x_wconf 78' lang='lat' dir='ltr'>p</span> <span class='ocrx_word' id='word_1_293' title='bbox 551 4000 643 4066; x_wconf 79' lang='grc' dir='ltr'>ιιι.</span> 
     </span>
    </p>
   </div>
   <div class='ocr_carea' id='block_1_14' title="bbox 95 4060 1182 4253">
    <p class='ocr_par' dir='ltr' id='par_1_18' title="bbox 95 4060 1182 4253">
     <span class='ocr_line' id='line_1_40' title="bbox 95 4060 1173 4202; baseline -0.005 -33"><span class='ocrx_word' id='word_1_294' title='bbox 95 4076 97 4080; x_wconf 33' lang='grc'><strong>’</strong></span> <span class='ocrx_word' id='word_1_295' title='bbox 162 4096 291 4189; x_wconf 53' lang='grc' dir='ltr'>..11)1ι</span> <span class='ocrx_word' id='word_1_296' title='bbox 311 4106 472 4202; x_wconf 76' lang='lat' dir='ltr'><strong>(lodicibus</strong></span> <span class='ocrx_word' id='word_1_297' title='bbox 492 4105 640 4180; x_wconf 79' lang='lat' dir='ltr'><strong>Ammisui</strong></span> <span class='ocrx_word' id='word_1_298' title='bbox 653 4103 793 4175; x_wconf 83' lang='lat' dir='ltr'><strong>Vetustis</strong></span> <span class='ocrx_word' id='word_1_299' title='bbox 812 4060 895 4181; x_wconf 67' lang='lat' dir='ltr'><strong>aerio</strong></span> <span class='ocrx_word' id='word_1_300' title='bbox 910 4106 1062 4172; x_wconf 83' lang='lat' dir='ltr'><strong>scribitur.</strong></span> <span class='ocrx_word' id='word_1_301' title='bbox 1076 4103 1173 4169; x_wconf 82' lang='lat' dir='ltr'><strong>¹Sido-</strong></span> 
     </span>
     <span class='ocr_line' id='line_1_41' title="bbox 1104 4190 1182 4253; baseline 0 0"><span class='ocrx_word' id='word_1_302' title='bbox 1104 4190 1182 4253; x_wconf 62' lang='lat' dir='ltr'><strong>uias»</strong></span> 
     </span>
    </p>
   </div>
   <div class='ocr_carea' id='block_1_15' title="bbox 0 0 1366 4806">
    <p class='ocr_par' dir='ltr' id='par_1_19' title="bbox 0 0 1366 4806">
     <span class='ocr_line' id='line_1_42' title="bbox 0 0 1366 4806; baseline 0 9"><span class='ocrx_word' id='word_1_303' title='bbox 0 0 1366 4806; x_wconf 95' lang='lat' dir='ltr'><strong> </strong></span> 
     </span>
    </p>
   </div>
  </div>
 </body>
</html>
