2722 4806
446 260 856 362 ,ᾐω-

204 471 277 544 virle
289 471 321 563 *)
341 471 537 548 credebatur3
558 479 695 536 correcto
715 473 805 536 etiem
825 472 1055 540 fflaetnnons
1078 477 1153 554 loco,
1171 473 1219 564 **)

50 564 55 575 ’
98 611 115 648 ·,
139 590 147 650 j
205 596 295 663 quem
322 578 474 640 Pontauua
499 576 666 657 integritati
694 596 767 640 anae
796 577 952 640 reatituit·
996 579 1054 641 llia
1087 582 1130 642 itu
1153 581 1219 663 jam

204 681 344 747 atebilltia
372 680 426 768 pel
446 678 566 741 nenos
590 679 624 740 in
650 696 741 741 unum
767 677 971 743 c'oaieaoeutea
998 683 1126 762 popum
1146 685 1220 746 Ale·

203 802 378 847 mauuorum
408 800 518 844 nomeu
546 781 718 862 acocpieae,
750 782 801 843 ael
831 787 951 844 veteres
978 782 1059 848 illino
1086 787 1219 867 regionis

203 885 316 949 incolae
341 902 419 947 noro
438 884 499 948 hoc
519 883 677 946 denototoa
705 884 826 946 nomine
851 883 1034 949 credendrun
1067 895 1132 964 eat,
1168 889 1219 951 vel

140 1064 143 1069 ,
203 1004 300 1051 nonna
320 987 374 1049 illa
391 986 482 1068 plane
502 985 582 1049 circa
599 985 658 1047 iate
675 991 813 1067 tempore
830 986 944 1051 advena
963 990 1093 1069 populna
1114 991 1218 1053 dicen·

203 1089 271 1153 dna.
311 1088 531 1152 Existimavere
558 1087 711 1163 nonnulli,
725 1081 1044 1172 *llipraeiereudam
1065 1111 1134 1155 eoae
1152 1095 1218 1175 pri-

201 1210 280 1253 mam
299 1210 338 1252 ex
357 1190 444 1252 hlacc
460 1191 659 1263 sententiam
680 1189 762 1271 quod
782 1190 897 1254 acillcet
916 1192 1020 1274 plnrea
1039 1194 1219 1258 Germaniae

128 1360 131 1365 ,
180 1295 360 1378 ,nationem
384 1291 435 1355 vel
455 1290 494 1353 ad
513 1290 672 1355 inferenda
691 1292 834 1356 Romania
849 1313 950 1370 arma,
979 1284 1029 1358 v‘el
1050 1297 1218 1375 reprimen-

102 1472 107 1481 ἡ
164 1419 169 1444 =
199 1396 259 1458 dae
287 1414 391 1458 eorum
415 1393 589 1477 potentiue,
615 1383 869 1478 'rrlndicnuda'eque
888 1396 965 1461 adeo
986 1398 1120 1462 libertati
1138 1400 1217 1464 Ger-

107 1538 110 1545 ,
200 1500 349 1571 manicae,
386 1496 419 1558 in
453 1493 565 1558 arctina
602 1496 711 1558 foedus
746 1499 902 1562 coiverint.
960 1487 1216 1581 Quemadmodum

200 1600 306 1663 eedem
326 1599 421 1674 ratio,
451 1598 615 1679 eademque
634 1600 758 1662 consilia
782 1601 855 1663 aliea
880 1602 1059 1668 Germaniae
1078 1607 1218 1668 nodone·

200 1703 232 1764 iu
259 1702 368 1764 ioedna
395 1704 561 1763 nonomen
586 1699 770 1764 Francorum
796 1704 1030 1785 compuleruntp
1053 1707 1218 1771 accedente

198 1805 377 1886 praesertim
407 1802 480 1871 Julii
498 1803 659 1884 Capitolini
678 1801 715 1888 †)
742 1806 937 1880 auctoritate,
967 1809 1018 1887 qui
1048 1809 1218 1890 imperante

198 1907 350 1969 Antonino
372 1905 558 1986 Philostepha
577 1912 684 2000 gentes
706 1926 810 1968 omnes
829 1908 867 1967 ah
889 1907 1001 1987 lllyrici
1027 1908 1124 1972 limite
1143 1909 1216 1974 Gui-

198 2009 268 2071 liam
290 2027 386 2087 usque
405 2007 486 2067 inter
505 2024 541 2066 ae
559 2009 762 2087 conspirasse,
791 2008 951 2070 manifeste
970 2015 1117 2074 testatum
1151 2011 1229 2076 Ve-¹

197 2130 265 2171 rum
287 2111 439 2170 enimvero
460 2124 528 2169 oum
547 2106 624 2169 haec
652 2108 708 2182 iia,
735 2129 811 2189 quae
838 2111 876 2171 ab
895 2111 1023 2193 Agathia
1042 2113 1133 2176 modo
1151 2122 1215 2180 tra·

196 2213 262 2273 dita
281 2211 498 2284 enarravimus,
527 2212 589 2272 non
616 2209 689 2275 entia
718 2212 912 2287 conveniaut3
942 2215 1092 2278 eumalio
1112 2219 1215 2300 conJe·

41 2336 46 2347 ·
100 2318 103 2324 ’
129 2298 132 2308 ’
196 2319 283 2375 otura
303 2313 393 2393 longe
412 2310 615 2392 probabiliora
634 2319 793 2392 suggerat,
821 2333 879 2375 noa
899 2315 931 2377 in
953 2322 1036 2379 tanta
1054 2318 1213 2399 untiquita-

195 2416 238 2481 ila
259 2415 401 2496 caligine,
432 2418 495 2476 tam
522 2412 675 2476 diatrms
703 2415 905 2478 recentiorrnu
932 2418 1121 2499 Scriptorum
1147 2421 1214 2505 opi-'

194 2516 351 2592 nicolinus,
377 2522 561 2598 postremam
581 2535 620 2576 ex
645 2516 741 2576 alletia
761 2518 940 2578 sententiam
960 2538 1030 2580 ease
1052 2522 1213 2597 veriorem,

194 2621 434 2699 Alemannosque
453 2616 530 2677 odeo
551 2634 660 2678 novum
686 2616 720 2705 in
740 2616 805 2678 illae
825 2623 929 2698 parter
951 2619 1096 2683 advenam
1116 2623 1213 2686 iniere

193 2722 357 2803 populum,
378 2717 567 2781 confidenter
586 2718 826 2798 pronunciamus·

280 2822 507 2901 occupaverant
519 2817 589 2878 Diri
608 2819 681 2879 Julii
700 2821 886 2905 temporibua
907 2843 1041 2905 magnum
1060 2833 1211 2893 terrarum

191 2924 275 2989 inter
294 2923 436 2986 Rhenum
456 2923 682 3002 llauubinmque
701 2929 819 3003 portem
839 2927 1062 3004 potentissimus
1084 2929 1211 2990 Germa-
1234 2930 1240 2943 ‘

119 3078 124 3092 ,,
190 3027 261 3088 niae
280 3024 429 3108 populna,
459 3025 682 3097 Marcomanni;
712 3042 838 3104 quorum
865 3027 931 3091 aine
952 3025 1042 3087 dubio
1061 3026 1129 3089 linx
1149 3030 1210 3096 luit

161 3131 164 3135 ’
191 3125 374 3190 fortissimus
399 3128 454 3191 illa
473 3126 661 3200 Ariovistus,
689 3124 810 3188 Caesari
818 3120 878 3213 st)
901 3122 968 3187 llex
990 3127 1208 3196 Germanorum
1253 3210 1260 3221 ι

824 3230 829 3239 ’
1079 3236 1208 3318 *appel-

210 3354 244 3457 ’*)
273 3370 398 3433 Carolna
418 3370 590 3436 Molinaena
617 3369 657 3433 de
684 3369 769 3456 orig.
791 3377 824 3437 et
852 3366 1021 3459 Prognen
1046 3374 1206 3446 Manum

208 3451 216 3467 '
254 3450 363 3521 Franc.
386 3475 467 3523 num.
490 3458 543 3525 db.

210 3569 259 3661 **)
278 3574 313 3638 L.
333 3575 366 3638 4„
395 3574 616 3660 (teographiae.

211 3687 275 3777 Μ)
304 3692 482 3759 Fraudacua
510 3697 726 3763 Guillimannna
755 3697 796 3763 de
823 3698 927 3767 ltebua
957 3702 1077 3767 Helvct
1115 3704 1150 3767 h
1172 3704 1205 3767 2.

254 3797 319 3860 cap.
340 3780 371 3840 3.
400 3779 528 3842 Hertiua
548 3781 642 3845 Notit.
656 3782 779 3849 Veteris
800 3783 901 3850 Germ.
921 3809 993 3871 pop.
1013 3790 1048 3852 Ρ.
1063 3789 1113 3852 lll.
1135 3809 1161 3851 c.
1172 3791 1204 3852 1.
1223 3800 1226 3804 ’

253 3861 283 3942 ς.
304 3862 335 3923 2.
362 3864 488 3926 eandem
514 3868 714 3949 conjecturam
733 3871 832 3936 refert
851 3874 994 3957 Meceray
1016 3877 1049 3942 in
1068 3875 1206 3941 llirtoire

253 3949 294 4012 de
312 3949 429 4013 Franco
448 3955 539 4025 ovant
559 3952 659 4016 cloria
678 3956 714 4019 L.
731 3956 762 4019 2.
784 3978 814 4040 p.
832 3959 904 4025 lte.

209 4062 247 4150 l)
276 4067 309 4130 ln
329 4069 438 4133 linton
458 4069 645 4152 Plriloaopho
666 4092 691 4134 o.
712 4074 764 4138 22.
1102 4028 1127 4105 ⁴·

209 4165 268 4250 ii)
289 4170 323 4231 L.
348 4173 376 4232 1.
402 4173 439 4235 de
460 4174 542 4237 hello
563 4175 678 4239 Gallico
700 4197 724 4240 c.
747 4179 797 4241 81.
