2722 4806
418 343 716 407 ..err-

59 514 202 593 Quamvis
220 532 297 585 sero
321 514 475 596 allegatus-
491 512 692 594 Geograplrus
720 513 841 592 integro
869 511 989 577 desumn
1015 520 1086 598 post

61 618 209 680 devictam
232 617 398 679 aFraucis
417 617 622 679 Alemsuuiam
642 615 770 677 Saeeado
797 615 866 677 fere
881 617 1000 681 ¹vixisse
1017 638 1085 681 ore·

62 718 172 791 datur,
210 719 433 799 nonnullasque
462 716 540 777 adeo
567 735 605 777 ex
635 714 685 778 lais
715 717 903 792 civitatibus,
932 719 1028 781 libera
1053 727 1086 785 et

60 822 191 882 florente
212 821 405 893 Alemannis,
425 818 564 880 fortassis
586 817 718 879 noudum
736 819 876 881 floruisse
897 819 995 883 videri
1014 840 1086 902 pos-
1168 897 1175 908 .

61 923 143 996 sint,
171 919 336 983 notandum
350 910 456 982 'umen
478 920 665 1000 Scriptorem
691 920 779 983 huno.
802 921 964 1001 antiquiori
982 925 1086 989 nixum
1155 962 1159 969 ·

62 1044 135 1086 esse
154 1023 342 1097 anctoritate,
359 1022 485 1085 Anaridi
505 1023 569 1084 scil.
589 1021 743 1103 eujusdam
764 1028 797 1084 et
816 1023 988 1101 Eldebaldi,
1008 1044 1085 1107 quoa

64 1125 214 1188 Gothicae
248 1124 348 1204 gentis
381 1123 584 1205 Philosophus
614 1130 719 1198 voest,
757 1124 869 1205 quique
890 1128 1084 1215 ¹temporibus

62 1227 124 1287 illis
153 1226 312 1307 propiores
345 1225 480 1289 luerunt
529 1225 597 1287 Hoc
628 1233 729 1287 autem
753 1226 876 1301 minime
907 1227 1083 1307 diffitemur,

48 1326 221 1408 ,aliquando
248 1327 338 1389 latius
359 1327 552 1390 Alemannise
580 1327 727 1389 terminos
754 1329 928 1391 extendisse
949 1331 1084 1412 Geogra»

58 1430 176 1512 pluam,
205 1429 276 1491 dum
296 1430 410 1510 aliquas
436 1430 480 1491 ais
503 1427 647 1490 Rhenum
667 1429 805 1492 civitates
832 1431 865 1492 in
883 1432 943 1494 isto
963 1453 1084 1517 quoque

62 1531 210 1594 leteroulo
229 1530 476 1610 comprehendit:
506 1530 562 1591 sed
590 1530 716 1611 respicit
738 1532 812 1593 »sine
832 1532 923 1594 dubio
945 1535 1084 1616 Scriptor

61 1640 192 1715 tempus,
215 1652 273 1712 quo
292 1632 371 1692 haue
387 1632 501 1693 Galliae
515 1631 655 1710 Belgicae
674 1635 793 1715 partem
808 1631 967 1701 Alemanni
974 1637 1086 1705 Rheno
1204 1664 1208 1683 .

62 1735 210 1817 trajecto,
229 1751 291 1793 nou
312 1730 405 1793 semel
426 1733 521 1812 copiis
541 1732 604 1794 suia
624 1731 825 1805 inundavere,
853 1754 922 1794 eum
949 1755 1011 1800 uon
1033 1759 1084 1801 so-
1226 1768 1230 1775 ·

63 1837 127 1899 lam
148 1834 338 1899 Germaniam
357 1833 507 1907 Primam,
529 1833 584 1894 sed
604 1833 701 1914 ipsam
721 1851 841 1913 qnoque
859 1833 1022 1914 mutam,
1050 1847 1085 1905 et

63 1938 216 2002 Maximae
238 1936 444 2017 Sequanorum
464 1940 582 2017 mrtem
602 1933 694 1995 armis
713 1935 776 1996 suis
796 1935 968 2016 aliquandiu
993 1958 1084 2007 oceu-

61 2024 197 2125 passenu
247 2037 446 2129 Lupodunum
470 2054 545 2096 vero
559 2030 594 2120 ,*)
630 2035 866 2099 vetustissimum
889 2038 1084 2109 Alamanniae

62 2141 228 2225 oppidum,
249 2141 334 2222 eujus
354 2137 435 2220 apud
452 2136 618 2199 Ausonium
635 2132 688 2221 **)
715 2138 848 2212 mentio,
874 2141 1011 2206 omisisse
1037 2146 1084 2209 vi·
1159 2128 1166 2147 ’

62 2242 132 2308 deri
152 2249 257 2327 posset
278 2242 436 2303 Ravennae
457 2238 675 2318 Gomnphos,
703 2239 763 2300 uisi
792 2241 939 2324 Bodungo
966 2246 1085 2327 civiles,

63 2366 153 2428 qnam
172 2348 337 2415 memorat,
356 2341 427 2403 heio
446 2339 649 2417 intelligendu.
692 2340 793 2421 Atque
812 2343 889 2405 haee
906 2345 972 2426 ipsa
989 2367 1083 2430 pago-

61 2468 132 2510 rum
157 2444 397 2533 oppidorumque
414 2440 606 2504 Alemanuiae
627 2439 991 2521 eopiapopulosissimam
1010 2451 1084 2516 olim

61 2551 152 2612 istam
169 2548 267 2612 fuisse
286 2551 408 2626 gentem
429 2541 518 2607 faaile
543 2541 652 2622 mgoit.
665 2535 735 2625 ***)
761 2541 901 2622 Argunt
926 2547 1009 2613 idem
1027 2569 1085 2615 un.

64 2652 176 2713 merosi
207 2650 252 2711 illi
290 2648 462 2720 exereitus,
498 2663 572 2726 quoa
596 2642 775 2725 treqnntss
801 2652 907 2708 eontra
931 2646 1085 2719 Romanos

65 2755 269 2834 Francosque,
288 2749 392 2813 hostes
412 2764 496 2823 suos,
514 2744 620 2813 eadem
637 2744 812 2857 Alunanuia
828 2746 982 2837 produxit.
1024 2756 1084 2821 Aa·

986 2865 1084 2937 gaunt

235 2923 269 2937 d

134 2996 269 3073 Crin0‚'
285 3017 323 3060 an
347 2994 441 3061 hodie
466 2982 635 3070 etiamad,
663 2986 746 3073 quod
773 2966 927 3072 oppidum¹
945 2992 985 3057 ad
1010 2997 1083 3061 lllu-

31 3135 33 3140 .
129 3084 293 3146 strissimos
323 3081 456 3145 Comiter
482 3078 699 3161 Leiuingensaa
727 3082 853 3160 spectat.
901 3074 1083 3147 Theodori.

10 3232 12 3236 .
117 3166 257 3246 ¹sopolis
275 3168 368 3230 hodie
386 3165 600 3229 llietenhol'eo.¹
975 3208 979 3218 ,

84 3267 311 3418 *uirus
327 3261 919 3435 liueiluqifllir
935 3287 971 3416 'l
990 3290 1083 3418 liii

128 3440 202 3505 lium
224 3439 384 3513 refutavit,
413 3439 577 3519 statuitque
596 3436 755 3518 oppidum,
784 3436 864 3517 quod
883 3437 976 3499 hodie
995 3461 1083 3504 voea-

10 3556 12 3562 ·
120 3532 182 3609 ‘tur
210 3521 429 3604 Ladenbsrge
460 3523 517 3587 aed
548 3522 698 3584 refutatus
729 3521 860 3584 vicissim
895 3541 914 3582 a
941 3524 1083 3589 Cluverio

128 3612 232 3675 Germ.
246 3612 348 3690 Antiq.
366 3610 401 3671 L.
411 3610 443 3673 8.
465 3626 490 3671 o.
501 3609 532 3669 4„
554 3608 606 3689 qui
624 3607 844 3686 interpretatum
861 3626 960 3670 arcem
972 3604 1082 3703 Lu'pf,

128 3704 249 3779 septen
267 3696 399 3759 milibus
418 3712 559 3777 pmanum
578 3711 598 3756 a
617 3691 704 3755 fonte
723 3691 851 3756 Danuui
873 3713 980 3758 rerem
994 3696 1083 3762 Ouei-

126 3783 248 3846 dentem
269 3781 413 3844 dissitam.

93 3897 141 3989 **)
161 3900 292 3967 Mosella
314 3918 344 3961 o.
364 3897 438 3962 428.

33 4036 36 4041 ·
93 4016 159 4106 m)
179 4012 319 4085 Aurelius
340 4014 448 4080 Victor
468 4012 508 4076 de
527 4010 705 4079 comeditur
726 4013 798 4096 Gap.
820 4014 872 4078 21.
902 3984 1090 4082 Alemauuos

95 4150 102 4157 .
127 4117 256 4188 gentem
275 4101 472 4188 populosam
496 4105 591 4161 rooat.

670 4198 699 4261 B
