2722 4806
53 523 119 593 rat3
138 506 232 578 vincti
251 506 320 577 cum
340 530 378 575 eo
399 508 521 571 ducenti
540 500 683 571 Comites.
723 499 773 571 Bt
787 507 840 570 ilie
861 505 983 590 quidem
996 509 1073 573 Cae·

44 621 116 703 ‘sari
136 604 272 690 oblatus,
293 615 331 675 ab
352 612 460 676 eodem
481 630 556 672 mox·
571 609 610 671 ad
630 612 837 673 Constantium
857 613 983 687 missus,
1010 612 1075 675 Ro·

54 740 180 802 maeque
202 719 344 780 detentus
364 721 430 787 ,θεῖς
463 714 495 774 ln
514 720 618 775 monte
630 713 758 775 'tandem
779 714 882 775 coelio
905 715 938 775 in
958 708 1075 778 cistris

54 823 230 904 Peregrinis
259 816 363 879 morbo
390 815 508 876 veterni
536 810 717 884 consumtus.
772 816 907 878 Julianus
934 835 1008 878 vero
1035 826 1075 878 ex

55 932 140 989 unta
167 921 295 983 victoria
328 918 541 998 amplissimum
572 918 700 998 Augusti
732 907 980 998 cognomentum,
1015 934 1075 998 quo

58 1025 200 1088 concordi
215 1022 307 1085 totius
328 1020 478 1081 exercitus
499 1021 709 1081 acclamatione
723 1021 891 1101 appellatus
912 1012 970 1094 ort.
991 1025 1076 1080 retu·
1132 1019 1133 1023 ’

57 1130 121 1189 lit·
147 1127 244 1188 Tanto
264 1123 350 1184 clade
369 1121 518 1211 nobilitati
537 1121 977 1185 ARGENTORATENSIUM
997 1138 1077 1186 mm-
1201 1176 1207 1185 .

56 1232 89 1311 pi
107 1225 135 1313 *)
163 1216 435 1307 frequentissimam
456 1214 670 1305 scriptoribus
685 1227 751 1307 ejus
773 1225 971 1287 celebrandae
991 1242 1078 1285 ocea-

56 1334 172 1395 sionem
193 1324 449 1406 dederunts'quo
474 1326 540 1406 ipso
563 1345 682 1407 quoque
708 1318 846 1407 tempore
865 1326 1080 1389 Aneunioz
1213 1304 1235 1341 ⁵

56 1426 208 1498 RA'I'UM
232 1449 271 1492 ex
297 1430 363 1490 rico
390 1425 454 1508 per'
467 1428 617 1491 lulianum
648 1431 681 1490 in
709 1430 815 1509 oppidi
835 1431 962 1491 formam
988 1429 1080 1491 reds-

58 1542 140 1599 ctum
161 1551 250 1610 esse,
272 1529 555 1594 nonnulli'Ausonii
575 1531 715 1594 carmine
735 1532 799 1594 uixi
819 1530 990 1616 conjiciunt.
1000 1527 1048 1617 ss)
1074 1526 1078 1537 ’

65 1653 70 1663 “
526 1728 528 1732 ,
641 1660 643 1665 '
689 1728 694 1737 ¹
988 1646 1082 1713 Parte

89 1774 298 1884 *ponamus
327 1793 359 1855 sn
389 1753 820 1875 Germanicianorum.
851 1813 878 1856 ο.
900 1794 951 1857 12.
979 1812 1011 1875 p.
1025 1794 1080 1877 ns.

83 1916 89 1929 .
125 1880 292 1953 existimat,
322 1898 384 1939 non
404 1897 502 1957 prope
521 1879 772 1958 Argentoratum,
803 1881 858 1941 sed
882 1899 980 1961 prope
1000 1878 1082 1941 Gon·

126 1963 257 2027 cordiam
285 1982 353 2025 esse
378 1968 559 2042 pugnatum3
590 1972 721 2044 pugnam
742 1973 842 2027 antem
860 1966 1082 2044 istomtcogno·

123 2052 261 2114 minatam
292 2068 359 2110 esse
388 2049 691 2126 Argentoratensem,
720 2070 781 2112 non
813 2052 893 2133 qnod
921 2052 977 2112 sub
1003 2049 1080 2130 ipsi!

47 2196 69 2217 ,
124 2135 317 2215 Argentorati
337 2135 491 2195 moenibus
513 2134 593 2196 foeta
613 2135 663 2209 sit,
684 2137 740 2208 sed
762 2138 829 2218 quie
837 2136 1082 2216 Argentoratum,

32 2216 38 2221 ’
126 2221 206 2302 quod
218 2220 289 2282 xlv
300 2220 372 2281 hinc
387 2219 635 2299 milliapaasuum
653 2221 799 2299 dissitum,
818 2223 978 2303 praecipuo
986 2220 1082 2293 Urbs,

56 2326 58 2331 ·
78 2352 86 2368 .
126 2305 302 2386 dignissima
320 2303 493 2377 videretur,
517 2302 602 2363 'unde
621 2311 683 2366 tam
701 2308 809 2383 nobilis
831 2306 1083 2385 memorandaque

106 2408 227 2474 pugna
249 2378 479 2468 cognomentum
507 2385 615 2449 ferret.
636 2408 639 2471 j
657 2390 699 2473 At
714 2392 894 2470 'refragatur
913 2390 1084 2451 Historieo-

127 2497 194 2538 rum
224 2475 394 2535 auctoritas.
444 2470 577 2553 Victoris
608 2472 751 2554 Epitome'
776 2466 801 2537 ὁ.
824 2475 877 2539 42.
907 2475 1022 2536 diserte
1041 2476 1085 2538 ‘in

129 2562 240 2642 campis
261 2556 565 2639 Argentoratensious
589 2560 753 2639 pugnatum
774 2564 843 2623 es'se
863 2562 977 2622 scribit.
1019 2559 1085 2622 llu-
1216 2562 1223 2581 '

129 2648 245 2727 tropius
265 2646 306 2708 L.
318 2646 370 2706 lo.
391 2662 418 2704 c.
432 2642 464 2702 i.
485 2637 566 2723 apud
583 2645 815 2724 Argentoratum
835 2647 916 2707 idem
936 2643 1086 2727 proelium

39 2770 43 2779 ι
124 2731 317 2792 commissum
343 2749 413 2790 esse
441 2729 548 2791 refert.
592 2729 657 2791 Nee
683 2730 823 2794 dissentit
844 2729 1037 2794 ZosimnssL.
1052 2730 1085 2792 3.

130 2837 156 2877 e.
174 2817 204 2878 d.
246 2814 316 2894 lpse
335 2813 506 2887 Amruianus
527 2815 617 2874 variis
647 2816 692 2876 iu.
706 2818 780 2878 locis
809 2817 891 2880 idem
918 2818 1086 2889 confirmat,

131 2903 174 2963 ito
200 2899 234 2960 L.
261 2899 311 2960 15.
341 2918 367 2959 e.
389 2899 441 2958 ll.
490 2900 724 2982 Argentoratum
756 2904 924 2964 Barbaricis
951 2901 1086 2962 cladibus

128 2995 231 3049 notam
255 2991 371 3046 vocat·
403 2984 486 3055 lde'm
514 2985 800 3065 Argentoratensem
831 3002 960 3069 pugnam
987 2990 1097 3060 narrat

103 3070 239 3134 .1..1n
271 3090 335 3151 cap.
358 3069 409 3130 11.
454 3069 535 3148 Quid
567 3071 675 3132 clarius
705 3073 754 3133 liis
787 3072 987 3144 testimoniis,
1017 3067 1092 3150 quiid

92 3190 95 3194 ·
131 3155 325 3220 evidentiori
347 3174 425 3235 quae
445 3156 550 3240 objicit
565 3156 742 3233 Cluverius,
763 3158 853 3221 faede
875 3157 1039 3218 diluuntur.

97 3272 147 3362 **)
169 3273 386 3335 Guillimannus
408 3274 448 3334 de
466 3273 572 3336 >nebus
592 3277 761 3338 Helveticis
777 3276 813 3339 L.
831 3276 862 3340 2.
891 3297 917 3338 c.
934 3278 965 3339 4.
988 3281 1021 3337 et
1039 3272 1093 3334 Jo-

132 3360 246 3441 sephus
272 3358 407 3438 Scaliger
432 3360 465 3420 in
482 3360 571 3422 Notis
598 3363 638 3422 ad
656 3362 807 3425 Mosellae
824 3363 950 3426 Ausonii
974 3360 1094 3422 initium

63 3460 71 3468 ‘
132 3450 260 3528 putant,
284 3443 409 3505 Poetam
429 3445 515 3506 initio
536 3447 748 3526 elegantissimi
773 3448 863 3530 hujus
885 3446 1031 3511 cuminis
1054 3444 1094 3505 de

132 3532 191 3594 hac
211 3531 442 3611 Alemannorum
463 3531 548 3595 clade
567 3551 602 3593 ac
622 3533 732 3595 Julioui
753 3531 1006 3613 victoria'loqui:
1037 3527 1095 3606 sed

81 3616 84 3621 ’
134 3616 345 3697 hallucinatur.
376 3614 609 3694 Argentoratum
630 3620 709 3680 enim
723 3620 787 3701 jam
807 3626 871 3682 tum
892 3614 1095 3680 claracivitas

138 3702 236 3765 finisse
256 3701 394 3774 videtur,
419 3700 529 3763 deinde
549 3703 739 3766 ltinerarium
760 3706 904 3768 Antonini
925 3711 956 3766 et
977 3700 1095 3764 'fabula
1180 3741 1181 3746 κ
1232 3673 1235 3679 ¹

136 3785 347 3848 Theodosiana
368 3786 449 3847 aliud
466 3787 526 3847 iter
546 3797 578 3851 et
597 3792 740 3861 stationes
755 3795 979 3873 Argentorato
999 3782 1095 3871 (unde

137 3872 309 3956 proiectum
339 3892 407 3934 esse
435 3878 522 3953 putat
554 3879 719 3940 Ausonium
748 3871 901 3958 Scaliger)
936 3869 1103 3949 Treverirn¹

138 3957 327 4041 praescribit.
376 3956 523 4038 Insuper,
553 3964 701 4045 quomodo
730 3963 806 4022 haec
831 3962 925 4022 rerba
951 3955 1096 4020 Ausoniis

140 4043 308 4126 adequavit
331 4041 474 4114 Latias.
497 4043 552 4106 ubi
572 4049 739 4139 quondam
764 4045 875 4108 Gallia
900 4044 1038 4109 Cannas
1051 4070 1097 4086 -··

27 4174 32 4187 ,
141 4129 203 4192 linc
224 4127 393 4212 quadrent'l
412 4120 502 4194 Nullo
516 4144 601 4201 certe
616 4122 797 4220 comprecatio
811 4130 880 4194 lieri
898 4132 1002 4277 potest
1014 4126 1097 4191 inter

86 4222 97 4243 ⁹
661 4268 664 4273 .
859 4230 866 4245 ·
984 4228 1097 4289 mnen-
