2722 4806
524 292 885 381 ...fia'

164 481 225 546 liae
248 474 453 558 mummulus,
479 471 625 541 libaeiias
656 472 758 541 subito
783 471 994 554 maisversntt'
1020 484 1053 543 et
1078 482 1192 566 majora

159 586 227 669 jam
245 583 444 656 rninsbantur,
463 579 523 641 uisi
541 578 640 641 valida
657 597 747 641 manu
767 579 934 643 submissus
949 581 1101 659 Barbatio,
1121 584 1193 663 bar·

165 688 257 756 banus
278 685 379 748 subito
400 680 591 764 disjecisset3
618 678 851 762 'redegissetque
871 684 1025 765 supplices
1045 686 1084 745 sd
1104 688 1191 767 prius

166 789 272 850 redire
292 784 478 865 obsequium.
517 781 630 845 Caesar
646 801 730 859 vero,
748 790 785 846 ut
803 784 871 866 ipse
890 804 1010 867 quoque
1029 794 1191 864 terrorem,

164 889 305 969 barbaris
327 888 485 968 superiore
511 904 590 947 suno
610 885 780 962 musaeum,
808 892 988 963 reuo'varet,
1016 890 1191 968 compositis

167 991 324 1052 inferioris
346 988 523 1051 Germaniae
542 988 655 1062 rebus,
683 986 824 1057 Rhenum
844 1010 952 1054 rursus
972 992 1108 1067 transiit,
1136 992 1193 1054 ob‹

167 1095 310 1173 viumque
330 1108 398 1153 mox
419 1090 525 1153 babuit
544 1088 752 1175 Suomarium,
770 1092 922 1168 ferocem,
949 1093 1193 1174 saevientemque

168 1197 256 1276 prins
293 1194 326 1254 in
360 1191 511 1254 Mannum
546 1193 740 1254 Alamanniae
775 1193 934 1276 Regulum.
993 1192 1023 1256 Is
1057 1212 1093 1256 ea
1120 1195 1194 1275 lega

169 1297 285 1359 veniam
305 1295 553 1376 impetrauit‚-ui
572 1295 865 1375 captivis'redditis,
891 1297 1047 1372 alimenta,
1071 1297 1193 1378 quoties
1218 1331 1220 1335 ·
1294 1338 1297 1344 -

169 1416 297 1465 noemae
326 1397 428 1472 foret,
456 1397 603 1458 exercitui
623 1396 759 1460 Romano
786 1395 1004 1480 suppeditaret.
1052 1397 1090 1460 lu
1118 1414 1196 1463 esur
1307 1410 1311 1421 '

170 1499 241 1564 dem
263 1518 382 1581 quoque
409 1493 737 1582 formulam'·receptus
766 1500 946 1580 ingratiam
971 1501 1143 1577 Hortarius,
1159 1496 1192 1587 i)

170 1620 231 1667 non
251 1603 350 1664 miuus
374 1606 462 1662 autea
489 1592 522 1663 in
548 1601 700 1664 Romanos
730 1603 888 1683 superbus.
938 1603 1085 1685 Sequenti
1112 1620 1196 1665 suus
1301 1632 1309 1652 κ

172 1708 284 1769 Caesar
312 1704 419 1765 anxius
447 1722 569 1783 semper
592 1704 633 1765 de
658 1705 721 1766 lide
747 1705 994 1781 Alemenuorum,
1022 1706 1193 1767 Hariobau-

172 1810 258 1883 dem,
296 1811 451 1886 spectatae
475 1805 597 1866 virtutis
623 1805 808 1880 Tribunum,
834 1806 993 1885 legationis
1023 1807 1125 1888 specie
1151 1806 1193 1869 ad

171 1908 347 1972 Hortarium
365 1908 468 1981 misit3
499 1907 623 1968 consilia
642 1907 760 1986 Regum
779 1908 889 1971 inillis
910 1908 1045 1989 partibus
1066 1909 1193 1970 investi-

171 2016 328 2092 gaturum3
348 2007 417 2089 Ipso
437 2008 555 2071 interea
574 2009 761 2090 reparandis·
772 2009 901 2090 oppidis,
927 2010 1123 2091 castellisque
1140 2027 1195 2072 os*

173 2117 291 2195 cupato.
335 2110 529 2172 Intellexerst
555 2127 594 2172 ex
613 2110 806 2172 Hariobaudo
834 2111 939 2174 dubias
959 2112 1192 2174 alemannorum

174 2219 308 2288 mentes,
335 2195 369 2274 et
388 2217 424 2272 ut
443 2210 674 2286 consuetunis,
706 2232 763 2291 qua
782 2212 889 2274 Divum
911 2212 1059 2293 quondam
1078 2214 1192 2277 Julium

173 2316 339 2397 aequabat,
366 2313 524 2375 velocitate
546 2330 598 2373 eos
618 2310 844 2392 praeverteret,
871 2313 981 2373 Rheno
1002 2313 1042 2375 sd
1055 2315 1194 2396 Mogom

173 2420 284 2482 liscum
303 2415 449 2497 trajecto,
477 2420 540 2476 tam
560 2415 660 2476 subito
678 2414 711 2475 in
731 2413 863 2495 hostium
882 2415 993 2475 finibus
1015 2418 1193 2498 comparuit,

171 2522 305 2602 rapinis,
326 2518 435 2592 caede,
454 2516 680 2597 incendiisque,
705 2522 821 2579 natum
842 2518 932 2598 longe
952 2517 1073 2605 lateque
1092 2525 1192 2587 terro-
1214 2552 1217 2557 ·

171 2643 239 2686 rem
258 2621 395 2695 diffudit,
416 2622 533 2682 ut'uou
553 2610 613 2680 duo
630 2615 749 2680 tautum
768 2611 1081 2693 iratres,¹Macrianus
1101 2626 1199 2702 atque.

171 2723 392 2795 Hariobsldus,
413 2721 519 2783 sedet
538 2721 651 2796 Urius,
672 2720 852 2796 Ursicinus,
874 2726 908 2784 et
927 2721 1120 2802 Wostralpus
1137 2742 1195 2803 pa-

171 2845 242 2886 cem
262 2822 462 2902 deprecaturi,
483 2823 693 2903 supplicesque
713 2840 783 2884 mox
802 2823 1040 2903 comparuerintr
1061 2823 1094 2883 iu
1116 2835 1194 2903 quos
1323 2878 1326 2885 .

172 2927 273 3004 aerius
293 2924 433 2985 fortassis
452 2923 597 2985 saevitum
623 2921 750 2999 fuisset,
778 2923 837 2984 uisi
856 2918 1084 2998 Vadomarium,
1106 2927 1192 3006 cujus

172 3028 313 3109 Regnum
332 3045 438 3104 versus
459 3026 612 3087 Rauracos
625 3020 668 3109 **)
688 3031 763 3101 erat,
784 3031 817 3086 et
838 3024 889 3105 qui
909 3025 1031 3104 antiqua
1048 3044 1116 3086 cum
1128 3025 1193 3087 lin-

172 3129 268 3192 manis
293 3128 422 3191 amicifia
440 3129 560 3212 pridem
574 3133 684 3206 nonu,
705 3133 894 3193 exoratorem
918 3126 1112 3209 invenissent
1127 3121 1198 3212 ill)-

938 3238 960 3255 ’·
1051 3272 1060 3283 ·.
1146 3228 1196 3293 lis

174 3317 379 3336 uuna—td·-

237 3393 373 3452 niusin
343 3390 351 3408 ⁸
403 3388 542 3451 Carmine
570 3391 699 3471 septimo
728 3396 767 3454 ι’.’
785 3389 860 3455 238.
893 3390 1064 3472 Vithuugos
1095 3395 1191 3452 vocat.

234 3477 412 3539 Ambrosius
433 3494 516 3548 vero,
536 3475 648 3538 ldatius
670 3483 702 3536 et
715 3458 870 3558 Dexippus
888 3477 1058 3557 Juthungos
1079 3477 1209 3548 roudus

237 3563 398 3641 appellant.
441 3559 535 3620 Iidem
564 3562 619 3621 sub
640 3558 850 3622 Valentiniano
879 3579 999 3642 quoqne
1026 3560 1192 3624 rebellare

237 3655 324 3721 rerunt,
345 3652 531 3707 memorante
552 3644 702 3708 Ambrosii
726 3646 863 3727 Epistola
881 3646 933 3706 27.
1219 3663 1221 3667 ’

172 3759 465 3848 ·*)Guillimaunus
488 3762 527 3825 de
544 3761 648 3825 Rebus
669 3764 931 3828 Hdvetiorumb.
940 3764 978 3831 2.
1000 3765 1072 3826 cd.
1110 3762 1192 3824 Hor

236 3849 346 3909 tarium
369 3851 573 3929 superiorem,
603 3841 789 3912 Suomarium
815 3868 889 3938 aero
908 3842 1084 3915 inferiorem
1104 3846 1193 3911 Pala-

213 3934 365 3996 tinctum
388 3934 553 3998 obtinuisse
568 3934 732 3998 existimat.

201 4047 250 4136 *ἡ
271 4045 306 4116 in
325 4052 480 4133 Brisgoria
500 4061 533 4117 et
552 4053 632 4116 droa
650 4053 842 4137 Hercyniam

204 4160 459 4256 *diamasa
477 4169 511 4234 u.
532 4173 583 4235 ra
605 4192 632 4236 a.
651 4172 685 4234 ιε
