2722 4806
177 468 429 569 ,dioximianus
449 493 639 559 Herculeus.
682 498 780 559 Aeros
807 497 922 563 Christ.
952 499 989 561 A.
1018 498 1223 567 CCLXXXV.

280 614 308 679 Is
332 634 351 677 a
371 613 578 695 Diocletisno,
607 616 698 676 variis
729 615 819 676 bellis
846 614 1011 692 distrscto,
1040 619 1074 680 in
1095 622 1226 683 socicta-

192 724 257 781 tem
276 717 399 799 Imperii
421 722 590 790 assumtus,
613 716 762 778 occiduus
783 716 935 778 Romanae
957 718 1079 781 ditionis
1100 722 1225 802 prouin-

193 821 255 881 cios
280 825 386 881 contm
405 810 601 878 bar'barorum
621 819 809 879 incursiones
828 822 992 901 proecipne
1014 823 1225 886 defendendas

194 921 321 1000 occepit.
365 918 464 981 Gallis
485 926 561 993 erat,
582 914 615 980 in
636 940 724 1001 quum
745 924 906 999 surgentes
926 928 992 984 tum
1013 926 1125 1004 passim
1142 927 1223 987 Ger-

193 1023 310 1085 maniae
330 1020 452 1103 populi,
484 1021 614 1100 quodum
634 1022 718 1103 quasi
739 1040 888 1083 armorum
909 1040 1058 1087 consensu
1078 1027 1221 1088 fereban-

193 1130 261 1197 tur3
291 1120 448 1207 praeludis
473 1120 695 1202 insequentium
722 1122 927 1197 soeculorum
957 1127 1065 1206 quibus
1096 1128 1221 1191 excitati

194 1218 319 1289 aedibus
350 1222 413 1286 suis
443 1216 581 1284 certatim
610 1224 834 1304 Septentricuis
859 1224 964 1306 populi
993 1226 1221 1310 Romanumque

193 1326 357 1409 Imperium
375 1324 559 1399 munusturi,
576 1319 706 1387 Galliam
727 1330 906 1411 praesertim
926 1347 1075 1391 armorum
1096 1350 1223 1396 suorum

192 1436 304 1507 metam
321 1427 383 1495 sibi
404 1427 640 1505 *constituerunt
683 1430 920 1513 Conjurauermt
946 1449 1057 1512 nempe
1085 1433 1118 1495 in
1147 1433 1221 1495 ulti·

191 1550 272 1593 mam
293 1532 359 1612 ejus
379 1529 545 1610 perniciem
564 1529 732 1609 irupcrsnte
742 1532 926 1601 Diocletiano
946 1533 1122 1607 Alemanoi;
1144 1554 1220 1615 quos

193 1652 282 1699 sunm
308 1631 390 1693 ultra
409 1628 560 1691 ‘Rhenum
587 1631 620 1691 in
642 1632 739 1694 Gallis
768 1653 889 1714 qunque
914 1634 1097 1696 extendendi
1119 1634 1220 1717 impe·

103 1752 108 1775 ¹
165 1734 168 1739 ’
193 1737 274 1799 rium
293 1731 405 1812 cupido
419 1730 602 1811 jampridem
627 1732 788 1797 invaserat.
832 1735 936 1816 itaque
962 1736 1084 1796 adscitis
1109 1736 1142 1796 iu
1169 1755 1219 1797 so·

192 1838 336 1901 cietttem
355 1832 430 1895 belli
448 1824 714 1913 augustimum
728 1836 922 1918 Herulisque,
942 1838 1069 1917 trajecto
1089 1843 1218 1917 repente

192 1938 321 2011 Rheno,
348 1935 448 1997 omnia
476 1933 588 2009 caede,
618 1938 785 1998 vastatione
811 1944 902 2018 atque
928 1936 1068 1999 incendio
1088 1938 1217 2001 miscue-

192 2046 282 2111 nmt3
295 2034 326 2119 *)
347 2036 490 2097 Manibus
511 2035 699 2115 popularium
721 2056 948 2119 suornm-quos
968 2040 1103 2101 ferarum
1120 2040 1218 2117 instar

192 2139 321 2204 Romani
349 2137 432 2199 houd
462 2137 505 2198 its
536 2136 654 2217 pridem
671 2138 904 2221 jugulaverunt,
934 2143 1079 2221 sunguine
1100 2142 1215 2205 Gutum

191 2239 391 2328 parentaturi.
442 2239 486 2301 At
517 2239 607 2319 longe
638 2240 807 2319 grauiorem
835 2242 869 2303 in
899 2242 960 2305 hoc
989 2245 1069 2305 bello
1095 2244 1215 2309 hostem

193 2365 283 2430 quarn
304 2342 454 2405 Romanos
474 2341 594 2422 experti
615 2348 685 2405 sunt
705 2344 871 2406 Alemanni.
921 2344 1030 2407 Fames
1050 2346 1149 2428 primo
1170 2353 1215 2421 ate

194 2469 256 2532 quc
276 2445 393 2509 saevior
413 2443 557 2525 deinceps
584 2445 760 2525 pestilentia
787 2447 970 2507 inconditum
992 2448 1214 2515 multitudinem

193 2540 338 2624 sdortac,
357 2564 493 2625 maguam
512 2544 573 2624 ipsi
593 2551 724 2623 stragem
745 2547 921 2607 intulerunt.
932 2544 979 2630 **)
1020 2547 1150 2631 Recepit
1168 2558 1214 2613 ta-

191 2672 263 2715 men
282 2667 360 2710 sono
379 2645 520 2725 sequenti
540 2643 621 2704 vires
642 2664 710 2705 suas
730 2646 818 2707 ieron
838 2647 939 2723 natio,
966 2648 1214 2736 Rhenoque.per

192 2754 325 2816 hiemem
345 2748 445 2809 denno
465 2746 613 2826 trajecto,
634 2746 765 2810 Gallicos
786 2766 875 2828 agros
895 2750 1058 2814 infestavit.
1100 2753 1214 2819 Versa-

192 2840 283 2941 itatur
303 2871 341 2915 eo
361 2856 501 2933 tempore
520 2846 666 2912 Treveris
682 2844 746 2936 ***)
772 2849 987 2929 Maximinum
1008 2856 1078 2936 qui,
1102 2840 1213 2921 'dtimtis

1104 2962 1215 3041 ruptim

196 3102 200 3111 '
222 3096 256 3185 1*)
276 3096 416 3178 Sigonius
437 3096 476 3157 de
497 3094 684 3157 Occideutsli
704 3095 835 3176 fflperio
854 3096 933 3160 1..1.
952 3097 992 3159 ad
1012 3118 1122 3163 aunum
1137 3102 1211 3167 28⁰.

196 3258 199 3263 .
226 3214 273 3299 **)
304 3213 446 3275 Claudius
466 3212 665 3275 Mamertinus
685 3213 717 3275 in
737 3212 921 3295 Panegyrico
936 3214 1118 3285 Maximiano
1130 3206 1213 3285 Her-

256 3302 342 3361 culeo
364 3299 461 3374 dicto,
482 3300 554 3381 Cap.
570 3299 602 3361 i).

221 3416 285 3503 ***)
313 3418 397 3480 luter
424 3418 517 3479 urbes
538 3418 749 3499 Metropoles,
780 3419 859 3481 civili
880 3421 1026 3501 dignitate
1044 3443 1120 3506 prae
1139 3427 1212 3488 reii-

138 3572 141 3577 ,
258 3505 324 3584 quis
339 3504 553 3583 superbierunt
568 3504 703 3583 Augusta
711 3503 924 3582 Treuirorum
947 3509 1035 3570 sedes
1054 3512 1213 3591 aliquando

255 3588 490 3668 imperatorum,
519 3589 674 3669 ipsiusque
694 3590 901 3665 Constantini,
921 3612 960 3652 ex
980 3612 1041 3654 uon
1061 3617 1121 3657 nna
1140 3598 1214 3659 iude

194 3716 200 3729 .
255 3674 316 3734 iata
342 3676 411 3751 lege
436 3675 469 3735 in
496 3674 571 3735 Cod.
592 3673 745 3734 'l'heodos
788 3676 865 3737 Tum
886 3676 1080 3756 Lugdunum,
1102 3682 1213 3744 (inilia-

255 3779 324 3820 rum
346 3760 467 3840 Cuput3
496 3756 615 3821 Vienna
643 3758 774 3839 denique
793 3761 832 3821 de
850 3760 985 3825 Primntu
1006 3774 1125 3829 certans
1144 3788 1213 3830 cum

252 3843 418 3925 Lugduno,
445 3850 553 3923 postea
577 3851 609 3905 et
637 3861 705 3904 cum
724 3846 865 3922 Arelate,
895 3866 933 3908 ex
955 3870 1014 3929 quo
1033 3852 1110 3915 hsec
1131 3853 1213 3916 iscta

255 3930 292 3990 ab
313 3929 448 3991 Honorio
470 3929 559 3990 sedes
580 3928 807 3991 Pmesectornm
829 3930 1002 4009 Praetorio;
1024 3939 1080 3997 sed
1098 3938 1213 4017 diguis-

192 4016 196 4025 '
255 4016 329 4075 sima
364 4014 496 4075 omnium
533 4032 568 4074 ac
604 4016 805 4075 vetustissima
840 4018 975 4097 Augusta
1006 4022 1213 4099 Trevirorum,

256 4100 436 4191 Metropolis
456 4118 513 4166 seu
528 4098 630 4166 Moto
645 4101 776 4165 omnium
786 4100 951 4170 ostiorum
967 4112 1000 4172 et
1015 4108 1100 4189 quasi
1115 4109 1212 4171 nter·

1115 4192 1213 4259 uem
