2722 4806
504 367 578 392 .-
660 331 832 422 'as-²
1002 288 1006 295 ’

255 502 361 579 nutam,
373 502 558 568 occasionem
579 498 974 586 dissipationister‘r'arum,
1000 524 1078 586 quae
1098 518 1194 589 penes

35 656 38 663 -
166 608 312 673 iiucalem
327 608 469 670 familiam
484 607 676 669 Stauienaem
685 606 825 682 ‘fuerent
838 606 1082 671 ‘subministravit
1098 607 1193 673 Wit-

167 710 294 774 beimur
322 709 472 784 Batavus,
502 706 587 783 Rex,
619 707 671 789 qui
699 700 871 770 conmdnm
891 706 1008 790 Regem
1037 712 1074 772 A.
1095 711 1191 774 1252.

166 803 366 896 proscripsit,
394 808 592 891 omnibusque
619 808 729 886 bunis‘,
762 829 839 891 quae
860 810 897 872 ab
918 811 1047 893 iuperio
1068 813 1192 877 tenebat

166 915 202 977 in
223 913 359 986 feudum,
380 919 413 974 et
430 911 548 973 allodiis
567 911 708 991 priuauit,
726 912 787 974 vid.
810 911 1019 977 innocnnrrus
1032 914 1084 978 lv.
1108 915 1191 996 Papa

35 1008 38 1013 ’
166 1016 200 1079 in
217 1015 358 1096 'epistola
389 1012 428 1075 ed
453 1012 607 1075 Wilhelm.
636 1011 670 1074 in
693 1011 860 1076 Baiarum
881 1015 989 1078 dunel.
1012 1017 1206 1101 ldcclesiost.⁸

166 1117 206 1181 Τ.
227 1117 307 1179 Xlll.
328 1116 368 1178 ad
386 1135 412 1178 a.
435 1114 529 1177 1251.
550 1133 580 1176 u.
602 1113 654 1175 xi.
675 1133 707 1196 p.
722 1117 797 1177 dod.
819 1122 851 1178 et
872 1135 902 1178 u.
924 1117 1032 1199 xviii.
1060 1140 1091 1200 p.
1112 1118 1187 1181 619.

31 1255 35 1262 ·
165 1220 339 1284 Antoritate
360 1235 434 1298 ergo
452 1194 555 1296 tegio,
575 1217 690 1299 praeda
710 1224 798 1279 erant
817 1218 986 1281 invasorum
1002 1226 1035 1282 et
1054 1220 1189 1283 hostium

165 1321 297 1384 ditiones
318 1319 448 1382 sueviae
467 1317 583 1381 Ducum
603 1317 858 1405 Stauienaium,*)
885 1323 936 1384 vix
959 1322 1050 1412 saida
1068 1323 1188 1402 exiguis

165 1474 372 1492 ............
445 1435 449 1441 '
1111 1423 1188 1495 reli-

229 1550 297 1593 rum
309 1529 515 1593 Stauiensium
534 1546 693 1613 reponere.
735 1529 812 1593 Cum
832 1529 912 1593 enim
931 1531 988 1595 dn.
1011 1531 1104 1596 1212.
1125 1550 1193 1615 ope·

213 1617 375 1698 'Episcopi
403 1615 576 1691 cauriensis,
609 1614 735 1679 Abbatis
763 1615 1029 1694 san-umerus,
1058 1619 1185 1683 Comitia

226 1702 378 1782 Kyburgi,
410 1701 555 1785 Episcopi
577 1700 826 1780 Argentinensis,
855 1703 1056 1784 aliorumque,
1085 1713 1185 1767 uam

226 1788 343 1867 gresda
363 1785 508 1868 Alpibus,
535 1786 569 1847 in
586 1787 777 1848 Germaniam
796 1788 929 1864 rediret,
948 1796 1185 1870 recuperaturus

226 1893 295 1934 curn
307 1872 416 1951 Regno
431 1873 522 1933 etiam
536 1870 647 1933 avitum
659 1871 787 1933 Sueviae
801 1872 957 1950 Ducatum,
977 1876 1081 1951 multa,
1092 1875 1184 1955 etiarn¹

223 1957 264 2019 de
283 1956 464 2039 patrimonio
484 1975 550 2032 suo,
569 1957 714 2036 erogavit,
734 1964 769 2018 ut
790 1958 932 2020 clientum
952 1960 1072 2021 turbam
1091 1980 1183 2042 auge-

227 2049 288 2104 ret.
331 2040 442 2103 Narrat
469 2040 546 2100 haec
571 2040 669 2102 Gonu.
700 2039 739 2101 de
758 2040 920 2114 Fauiana,
948 2042 981 2105 in
1009 2046 1127 2107 ensibus
1149 2046 1181 2108 S.

137 2177 139 2181 ,
223 2127 305 2190 Galli
325 2146 355 2206 p.
372 2126 424 2187 71.
444 2126 519 2186 item
540 2123 638 2186 Gora.
659 2124 816 2187 Uuaaaac.
836 2147 867 2207 p.
884 2127 958 2190 alu.
979 2130 1019 2191 ad
1039 2150 1065 2193 a.
1086 2131 1181 2195 1212.

224 2212 275 2273 his
286 2211 403 2272 verbis:
433 2209 538 2284 „Frid
552 2209 626 2290 bnp.
640 2211 766 2286 electus,
787 2229 856 2288 curu
869 2231 930 2274 non
944 2222 1050 2296 posset
1064 2216 1182 2280 directo

222 2296 335 2358 itinere
362 2296 467 2358 venire
493 2296 525 2359 iu
545 2295 769 2370 Alemanuiam,
799 2298 883 2359 venit
903 2299 936 2361 iu
956 2300 1099 2366 Rhetiam
1120 2305 1182 2367 Gu-

220 2376 368 2457 riensem,
396 2381 499 2462 ibique
523 2389 665 2463 receptus
692 2381 730 2443 ub
758 2382 928 2464 Episcopo,
958 2393 1001 2460 et,
1019 2389 1129 2463 abbate
1147 2390 1184 2453 S,

221 2469 321 2543 Galli,
351 2473 383 2530 et
411 2467 506 2528 nobili
528 2468 594 2528 viro
622 2467 662 2530 de
681 2466 793 2543 Succo,
819 2468 985 2548 perductus
1008 2480 1057 2535 est
1083 2495 1182 2557 usque

219 2553 371 2615 civitatem
401 2551 614 2614 Constantium.
661 2552 775 2614 Audito
810 2563 884 2614 n'ero
913 2555 1044 2618 adventu
1071 2559 1180 2640 ipsius,

221 2640 297 2701 Otto
318 2638 485 2716 Imperator
505 2636 626 2697 interim
653 2644 777 2699 venenet
798 2639 838 2700 de
858 2639 1041 2721 Thuringia,
1072 2647 1183 2713 noienr'

219 2721 482 2803 comprehendere
500 2727 553 2781 aut
565 2723 739 2783 interficere
757 2725 961 2787 adversarium
974 2747 1076 2803 suum,
1095 2731 1181 2812 ipso·

219 2827 282 2888 que
301 2807 441 2869 manebat
466 2807 498 2867 iu
520 2808 631 2887 oppido
651 2808 854 2889 Uberlingen,
885 2812 944 2874 sed·
962 2834 980 2874 a
999 2816 1101 2877 multis
1124 2819 1181 2881 de·

221 2895 362 2966 relictus,
393 2912 454 2954 uon
475 2899 597 2974 poterat
619 2913 781 2956 occurrere
800 2915 891 2976 saepe
916 2897 997 2960 dicto
1018 2900 1179 2966 Frideriou

217 2979 258 3038 ad
278 2998 417 3058 pugnum.
460 2979 552 3038 Unde
570 2978 684 3040 iactum
704 2986 773 3053 est,
801 2987 836 3040 ut
854 2983 965 3047 auxilio
989 2985 1116 3049 Comitis
1138 2979 1182 3053 de*

216 3065 374 3144 Quiburg,
396 3068 429 3124 et
447 3063 591 3137 aliorum,
612 3064 720 3143 quibua
740 3065 808 3144 ipse
832 3063 962 3126 Praedia
982 3067 1122 3149 Imperii,
1142 3083 1178 3139 et

119 3161 142 3218 i,
213 3155 350 3228 paterna,
371 3148 462 3228 longe
486 3148 640 3210 distribuit
660 3156 692 3212 et
713 3149 865 3228 obligavit,
885 3170 986 3236 usque
1005 3155 1178 3222 Basileam

218 3235 383 3293 verziret.“

179 3313 211 3400 i)
236 3317 363 3398 Insignis
384 3322 433 3379 est
450 3316 533 3376 locus
548 3315 724 3394 Fragmenti
737 3317 900 3383 Urstisiani
920 3343 950 3404 p.
972 3327 1024 3388 92.
1047 3327 1098 3408 qui
1114 3329 1178 3393 huc

199 3405 358 3485 pertinet.
381 3469 384 3475 ,
402 3400 580 3476 „Conradua
598 3401 676 3475 Rex,
697 3401 827 3482 fugiens,
847 3409 947 3472 amisit
965 3414 1075 3474 multos
1090 3414 1176 3477 Mili-

215 3498 282 3564 tes,
317 3494 349 3549 et
375 3487 502 3549 maxima
522 3487 623 3562 Bona,
654 3493 686 3549 et
710 3488 851 3570 imposuit
873 3494 997 3571 Suevis,
1029 3498 1175 3579 quicum

214 3592 253 3634 eo
281 3580 445 3645 venerant,
477 3578 509 3634 et
537 3591 606 3633 cum
638 3572 740 3635 multis
762 3577 878 3642 amissis
899 3580 1061 3660 fugerant,
1091 3587 1174 3666 quod

211 3659 272 3739 ipsi
300 3677 369 3719 eum
393 3655 559 3720 infideliter
580 3657 794 3739 prodidissent.
838 3664 930 3726 Suevi
950 3668 1096 3752 proinde,
1127 3671 1175 3733 ira

212 3744 305 3818 moti,
336 3743 585 3823 conspiraverunt
613 3762 681 3804 cum
708 3748 834 3809 ecclesia
860 3756 893 3810 et
921 3751 1008 3833 Rege
1036 3755 1174 3816 Haurico

210 3828 392 3911 (Respone,
419 3826 549 3908 Landgr.
573 3827 794 3914 Thuringiae),
818 3844 978 3915 moventes
1005 3840 1118 3902 bellum
1139 3843 1172 3904 iu

210 3913 327 3998 Regem
351 3912 540 3988 Conradum,
573 3920 605 3974 et
626 3935 696 3976 suos
718 3916 853 3980 fautores
873 3943 930 4002 per
951 3925 1106 3998 sueviam,
1139 3936 1172 3990 et

169 3988 174 3999 '
209 4001 291 4060 eirea
309 3992 475 4062 Danubium
497 4005 530 4060 at
548 3999 682 4077 Magum,
704 4009 737 4062 et
760 4004 933 4086 ubique-
954 4018 987 4072 et
1008 4010 1099 4070 Sueni
1121 4012 1170 4074 su-

209 4093 358 4170 ganeruut
388 4104 457 4155 eum
487 4085 528 4153 de
557 4085 678 4153 civitate
697 4088 729 4154 iu
760 4090 942 4161 civitatew‘
983 4093 1169 4246 Addesdm.

440 4208 444 4217 ·
1099 4200 1168 4250 ruo.
