2722 4806
404 314 948 381 .*25-.

164 490 332 555 Attriaerat
367 486 516 554 hactenns
556 487 760 553 itomamrum
795 489 879 551 viras
916 484 1088 572 periculoso
1123 506 1192 551 cum

164 593 270 657 Persis
289 591 371 655 bello
393 590 544 667 Seram,
562 610 601 654 eo
623 598 725 655 tamen
744 610 812 653 cum
833 596 962 666 mento,
983 598 1018 653 nt
1038 590 1097 672 ipsi
1118 609 1193 671 quo-
1251 580 1254 587 ’

164 715 226 778 que
240 695 346 757 hostes
361 694 436 756 belli
457 696 601 776 pertaesi,
614 696 737 776 jamjam
749 694 881 774 quieturi
894 692 1080 769 viderentur,
1102 710 1194 772 quum

166 798 247 859 nihil
278 797 342 858 tale
372 796 521 858 metuenti
549 796 664 877 optimo
690 794 825 877 Principi
852 794 979 859 nundus
1003 793 1194 867 Antiochiam

166 900 326 970 aliertnr;
369 896 549 959 alemannos
586 898 728 959 Rhenum
764 896 992 981 Danubiumque
1024 900 1194 974 transgres-

168 996 271 1084 sos,*)
293 994 497 1061 Romanorum
517 998 594 1061 lines
610 998 763 1061 hostiliter
778 998 926 1073 intrasse3
946 998 1115 1080 oppugnari
1129 998 1195 1079 jam

170 1102 325 1181 exercitus
345 1100 420 1180 ripis
444 1099 632 1176 insidentem
663 1108 696 1163 et
715 1098 916 1163 conterminas
935 1098 1056 1179 illyrico
1076 1084 1195 1161 Ilaliao-

142 1213 231 1287 'que
258 1200 396 1263 nationes
424 1220 486 1263 non
517 1222 624 1285 parom
653 1204 829 1284 periclitari.
871 1194 1013 1265 Territus
1040 1203 1100 1263 hoc
1117 1204 1195 1263 nun-

169 1308 218 1369 cio
238 1304 436 1386 periculoque
455 1300 638 1381 lilexauder,
663 1310 696 1367 et
716 1304 756 1367 de
775 1306 842 1386 ipsa
852 1305 916 1386 jam
934 1303 1018 1367 ltalia
1038 1305 1195 1379 sollicitus,
1249 1360 1252 1365 .

169 1408 279 1472 relicto
297 1406 426 1469 Oriente
439 1399 629 1468 Gennaniam
650 1427 757 1471 versus
776 1406 934 1488 proiectus
955 1411 1019 1480 est;
1039 1408 1196 1495 ingentem

171 1508 577 1592 sagittariorum'nnmernm
596 1530 698 1574 secum
717 1509 848 1585 ducens,
869 1508 921 1591 qul
940 1507 1076 1589 expediti
1096 1494 1196 1570 leves-

173 1632 234 1695 que
254 1610 456 1693 praegrandia
474 1611 706 1674 Alamannorum
726 1630 870 1692 corpora,
890 1610 985 1671 veluti
1004 1611 1121 1691 signum
1140 1610 1195 1671 all·

173 1713 256 1796 quod
287 1712 404 1774 eminus
429 1708 522 1774 facile
549 1717 768 1795 contingerent
820 1713 927 1793 ltaque
953 1719 1105 1773 constrato
1125 1729 1198 1773 mox

174 1815 301 1894 navigiis
329 1814 457 1889 Rheno,
495 1816 691 1895 omnibusque
720 1815 759 1874 ad
788 1813 903 1874 bellum
931 1815 1108 1874 necessariis
1134 1812 1196 1874 rlte

174 1918 378 2003 praeparatis,
407 1918 586 1979 acerrimum
605 1918 670 1999 jam
695 1917 826 1977 ultorem
854 1921 1019 1996 expertura
1037 1915 1198 1975 videbatur
1283 1930 1287 1941 ¹

176 2021 368 2097 Alemannia;
391 2038 474 2093 cnm,
496 2021 598 2079 nescio
619 2038 678 2099 qua
697 2018 889 2079 consiliorum
911 2016 1119 2097 mtastrophe,
1139 2015 1198 2079 ho'-

176 2121 268 2183 stinm
287 2121 372 2201 prius
388 2122 501 2183 animos
517 2122 688 2196 sollicitare,
708 2121 869 2201 missisque
883 2116 923 2180 ai
943 2138 997 2181 cos
1016 2118 1197 2193 oratoribus,

177 2243 284 2305 paoem
303 2223 449 2299 mercari,
476 2224 617 2303 pudenda
642 2223 731 2304 plane
751 2225 885 2298 ratione,
913 2222 1049 2284 decrevit
1067 2222 1198 2284 allexan-

179 2327 252 2399 aler3
280 2325 340 2385 hoc
359 2325 427 2405 ipso
457 2325 582 2384 exitium
601 2324 659 2384 sibl
685 2344 771 2385 suum
798 2332 1024 2406 provocaturus.
1067 2323 1200 2385 Alienati

180 2431 260 2490 enim
281 2428 318 2487 ah
332 2425 536 2507 imperatore,
556 2432 618 2486 tam
641 2426 724 2506 turpi
744 2426 897 2501 facinore,
919 2427 1069 2486 exercitus
1090 2426 1197 2499 animi;

179 2529 347 2609 indignati,
370 2529 603 2609 aurigationlbus
623 2547 659 2588 ac
680 2528 794 2591 deliciis
814 2535 931 2591 tantum
950 2529 1067 2590 intento
1087 2530 1200 2608 oppor·
1292 2517 1294 2521 ¹

179 2639 283 2694 tunam
302 2606 406 2692 rerum
425 2620 633 2712 ¹gerendarum
661 2632 846 2692 occasionem
874 2630 968 2711 eripi3
997 2629 1108 2709 negligi
1136 2630 1199 2690 erl-

180 2735 274 2794 mium
303 2735 412 2805 istum,
449 2752 509 2812 quo
537 2732 647 2792 milites
672 2733 837 2813 flagrabant
864 2731 1019 2814 pugnandi
1039 2732 1198 2807 ardorem

124 2900 128 2912 α
182 2841 357 2913 tantamque
383 2832 510 2893 Romani
536 2832 658 2914 Imperii
686 2834 800 2912 gloriae
834 2836 978 2897 maculam
1005 2836 1096 2897 inuri.
1148 2834 1200 2896 Slc

181 2936 272 3019 proni
298 2936 338 2994 ad
367 2955 418 2996 res
450 2934 600 2996 novandas
628 2937 779 2997 exercitus
812 2938 921 3012 animi,
957 2938 1041 2997 houd
1071 2939 1200 3000 obscure

176 3039 241 3120 jam
262 3057 332 3098 suae
354 3038 533 3098 defectionis
555 3036 732 3098 documenta
753 3036 888 3099 edidere.
930 3037 1115 3100 lllllitaverat
1135 3046 1200 3100 tum

181 3142 215 3201 in
238 3140 374 3200 exercitu
393 3138 529 3201 Romano
548 3138 730 3201 Maximinus
753 3141 873 3221 qnidam
896 3160 934 3201 ex
956 3140 1105 3202 Thraciae
1132 3141 1200 3203 vico

181 3241 338 3302 oriundus.
386 3239 446 3301 llio
473 3260 511 3302 ex
540 3242 675 3303 obscuris
702 3262 828 3323 prorsus
858 3243 952 3305 initiis
987 3244 1026 3305 ob
1063 3243 1199 3323 corporis

182 3344 397 3425 proceritatem
415 3344 538 3405 militiae
558 3343 744 3424 adscriptus,
770 3344 810 3406 ad
839 3365 971 3408 summos
992 3345 1134 3426 paulatim
1152 3345 1201 3406 rei

182 3446 320 3507 militaria
340 3443 453 3527 gadas
473 3446 666 3520 conscendit;
695 3466 823 3531 cumque
842 3467 949 3530 magna
972 3447 1054 3527 apud
1083 3447 1200 3509 exerci-

182 3555 248 3612 tam
268 3536 366 3631 gratia
385 3547 425 3611 oh
445 3546 602 3630 insignem,
624 3568 682 3630 qua
700 3550 883 3632 praestabat,
904 3551 1045 3613 virtutem
1064 3545 1201 3610 bellicam
1304 3552 1306 3557 '

400 3676 406 3695 ·
1066 3650 1202 3728 floreret,

205 3840 237 3932 *)
254 3845 396 3906 Germani
419 3846 498 3908 enim
518 3847 599 3907 inter
618 3846 758 3908 Rhenum
779 3847 1014 3929 Danubiumque,
1034 3849 1074 3909 (le
1093 3849 1200 3928 quibus
1275 3920 1277 3925 Ι

246 3929 439 3993 Herodianus
467 3934 617 4012 loquitur,
651 3952 711 3994 non
738 3935 788 3995 alii
817 3954 885 3997 esse
902 3941 1086 4015 potuerunt,
1114 3954 1200 4016 quiam

248 4016 422 4089 Alamannia
454 4017 505 4098 qui
525 4018 657 4091 scillcet,
685 4019 821 4080 toronicis
851 4018 916 4092 his,
944 4019 988 4079 uti
1010 4037 1101 4098 snpra
1124 4019 1200 4079 vidi-

246 4122 333 4174 mus,
356 4103 465 4163 lnclnsi
487 4112 580 4164 crant.
625 4103 685 4183 lpsi
706 4122 779 4185 ergo
801 4105 926 4167 ilornaoi
948 4105 1127 4167 Alcruannos
1148 4124 1200 4165 an-

245 4196 478 4253 numeravernut
502 4188 668 4252 Gennanio.
