2722 4806
533 321 828 409 ...wl-

118 454 134 479 ,
165 502 292 563 tuentes
305 510 322 571 ,‘
344 493 436 577 plane
456 491 639 578 dissipatae,
666 498 699 557 et
718 464 758 556 ad
777 494 852 558 alios
869 492 1011 560 Dominos
1030 496 1193 562 translatae

166 604 251 665 auat

254 698 356 781 Hujus
388 696 477 760 fundi
503 695 654 769 arionitas
671 697 736 780 jam
756 697 857 778 coepit
874 697 906 760 iu
927 697 1072 783 Philippo
1090 702 1192 782 Augu-

168 808 248 877 sto,
270 800 420 863 ditissimo
449 819 521 879 sane
550 799 702 880 Principe.
744 798 790 861 lta
814 800 895 862 euim
919 800 987 882 ipse
1016 823 1089 883 opes
1122 825 1191 868 suas
1298 868 1302 895 Ι

168 894 332 966 immensas
360 908 502 964 recenset
528 901 560 962 in
578 901 705 982 epistola
725 900 764 962 ad
784 901 990 965 Innocentium
1009 905 1060 967 lll.
1087 905 1192 969 Ponti«

169 1007 268 1079 licen,
290 1023 366 1084 quaa
379 1004 493 1083 legitur
504 1003 536 1065 iu
551 1004 713 1082 Registro
728 1003 824 1097 hujus
839 1003 881 1064 de
894 1006 1040 1084 negotiis
1054 1008 1192 1086 Imperii

168 1128 203 1169 aa.
224 1104 388 1168 cxxxvi.
409 1127 440 1186 p.
459 1105 532 1166 uin.
563 1148 584 1178 „
594 1104 802 1166 indubitanter
821 1107 901 1168 euim
914 1108 1040 1167 credere
1050 1111 1191 1189 potestis,

152 1206 262 1271 *immo
288 1215 361 1270 reia
386 1208 483 1281 scire,
513 1205 595 1287 quod
621 1212 694 1267 tunc
714 1207 796 1268 inter
825 1226 928 1271 omnes
949 1208 1106 1291 Principes
1133 1212 1212 1289 imr

169 1312 249 1392 perii
269 1309 369 1373 nullus
390 1309 477 1398 qobis
498 1307 605 1381 ditior,
634 1308 734 1369 nullus
754 1310 923 1387 potentior,
952 1312 1051 1374 nulius
1078 1313 1190 1394 glorios

167 1413 242 1476 sior,
285 1398 451 1484 Habuimus
474 1410 553 1470 enim
573 1414 620 1470 tot
636 1409 858 1484 ministeriales,
879 1410 960 1490 quod
980 1433 1035 1475 nos
1058 1433 1110 1475 eos
1132 1415 1189 1477 sub

167 1515 271 1596 aliquo
291 1520 376 1585 certo
397 1531 523 1573 numero
542 1511 592 1572 rix
610 1494 869 1591 comprehendere
883 1514 1043 1592 potuimus.
1075 1513 1189 1578 Habui·
1272 1514 1274 1520 ’

168 1635 237 1679 runs
256 1615 414 1698 pecuniam
431 1615 555 1675 multam
576 1613 664 1674 nimis
691 1613 723 1675 iu
744 1633 817 1674 auro
837 1622 869 1676 et
886 1622 1031 1694 argento,
1061 1624 1093 1679 et
1112 1617 1191 1679 mul·

168 1718 210 1780 tis
239 1718 366 1798 gemmis
391 1714 543 1797 pretiosis.
565 1748 609 1760 -
649 1705 853 1776 Benedixerat
880 1735 998 1796 quoque
1022 1719 1125 1792 nobis,
1156 1726 1190 1782 et

118 1827 120 1831 ’
165 1838 309 1882 crescere
335 1819 452 1883 feceret
478 1823 511 1879 et
537 1822 662 1903 auxerat
681 1816 802 1876 domum
822 1823 964 1878 nostram.
1006 1818 1189 1882 Haereditas

166 1922 250 1986 enlm
268 1910 362 1987 multa
382 1919 534 1982 ceciderat
554 1910 644 1979 nobis
661 1918 693 1978 iu
712 1918 891 1998 praeclaris,
912 1918 1041 2000 ideoque
1060 1941 1188 1984 necesse

166 2023 257 2085 uobis
277 2021 432 2096 nonfuit,
452 2027 488 2085 ut
508 2040 563 2082 nos
583 2020 740 2081 ambitiose
759 2019 964 2082 laboraremus
981 2040 1038 2101 pro
1058 2023 1194 2105 imperio.

167 2112 378 2185 obtinendo‘s
398 2109 475 2185 'l'am
488 2121 671 2203 amplissima
681 2123 761 2204 bona
781 2141 854 2204 ergo
869 2123 1005 2203 possedit
1016 2124 1191 2207 Philippus,

166 2225 268 2288 adhuc
285 2223 354 2286 ltux
374 2223 519 2299 Sueaiae,
543 2230 578 2285 ut
597 2231 761 2304 aequarent
779 2225 858 2286 bona
877 2226 1025 2305 palatius,
1052 2246 1129 2309 quae
1150 2247 1190 2290 eo

167 2333 307 2410 tempore
327 2325 367 2388 ad
385 2325 604 2408 ¹imperatores,
633 2344 691 2407 pro
711 2327 907 2391 sustentanda
927 2329 1028 2403 cuma,
1050 2331 1191 2409 pertine-

165 2430 250 2492 bant.
292 2428 370 2491 cum
403 2446 477 2515 aero
510 2429 570 2510 ipsi
603 2423 685 2491 ess'ct
715 2427 932 2491 decertandum
960 2448 1028 2491 amu
1061 2430 1189 2494 Ottona
1241 2490 1243 2498 .

166 2531 401 2608 brucariacum,
431 2532 565 2609 aemulo,
598 2529 638 2593 de
665 2529 796 2611 Imperio
826 2530 1009 2607 Teutonico,
1043 2524 1128 2612 gravi
1152 2551 1190 2595 ao
1299 2600 1302 2605 ,

165 2633 309 2697 diutmuo
328 2634 428 2708 bello,
455 2634 499 2698 lta
517 2652 585 2697 suas
605 2633 686 2696 vires
708 2632 847 2697 exhausit
866 2640 928 2696 tam
949 2633 1035 2697 donia
1059 2655 1094 2697 ac
1118 2653 1188 2698 ero-
1289 2699 1305 2729 ,Ι

164 2736 356 2818 gatiouibus,
386 2756 473 2816 quam
499 2736 658 2815 stipendiis
683 2737 830 2815 copiosis,
860 2743 895 2799 ut
923 2756 961 2799 ex
988 2737 1083 2799 divite
1102 2737 1189 2800 Duce

165 2855 283 2918 egenus
309 2837 377 2899 fere
404 2839 503 2899 lieret.
547 2837 636 2898 Clare
659 2833 719 2896 hoe'
742 2836 816 2899 dicit
837 2823 1005 2901 Consanus
1027 2840 1187 2902 Uascsuc.
1221 2922 1224 2927 ξ

118 2925 121 2931 ³
164 2939 198 3001 in
215 2938 329 3000 curan
342 2939 397 3010 sub
415 2940 516 3013 titulo,
538 2939 578 3000 de
590 2938 679 3000 bellis
692 2937 836 3021 Philippi,
859 2958 891 3019 p.
907 2941 980 3002 324.
1018 2941 1104 3015 „Hic
1119 2961 1188 3003 cum

166 3059 229 3104 uon
248 3040 377 3103 baberet
395 3041 555 3124 pecunias,
587 3039 695 3123 qmbus
717 3039 839 3114 salaria,
871 3041 936 3102 sive
958 3041 1070 3119 solida,
1099 3061 1188 3124 prae-

164 3143 256 3231 beret
281 3143 442 3218 militibus,
460 3143 588 3225 ¹primus
615 3141 716 3223 coepit
742 3140 913 3202 dianahere
941 3143 1082 3223 praedia,
1111 3163 1188 3226 quae

163 3252 254 3328 pater
274 3264 364 3321 suus,
387 3244 579 3321 Friderieus,
600 3244 663 3306 late
683 3242 861 3324 acquisierat
879 3243 912 3306 lu
924 3244 1113 3308 alemunia:
1134 3246 1188 3323 ita,

151 3330 203 3412 'dt
221 3347 346 3411 cuilibet
365 3340 488 3425 baroni,
509 3348 575 3408 sive
585 3345 789 3420 ministeriali,
809 3345 896 3407 villas
917 3364 972 3408 reu
991 3348 1117 3430 praedia
1135 3367 1189 3412 ru·

163 3450 297 3524 sticana,
316 3449 366 3511 vel
386 3447 529 3510 ecclesias
554 3448 612 3509 sibi
630 3449 785 3528 contiguas
808 3435 967 3528 obligaret.
1010 3446 1122 3532 Sisque
1141 3450 1189 3513 fa-

163 3559 247 3615 enan
276 3558 341 3627 est,
359 3555 406 3633 xut
432 3548 509 3611 nillil
530 3548 589 3610 sibi
609 3553 796 3623 remaneret,
826 3537 949 3630 praeter
968 3547 1057 3613 inane
1078 3568 1189 3614 nomen
1281 3538 1284 3545 ¹

164 3652 291 3716 dominii
311 3659 428 3728 terrae,
451 3657 483 3713 et
504 3651 640 3714 civitates
661 3671 716 3731 seu
736 3649 840 3728 villas,
863 3649 896 3715 in
917 3650 1025 3732 quibus
1045 3653 1113 3718 fora
1131 3653 1188 3718 lar
1289 3680 1297 3695 .

165 3754 298 3830 marm,
322 3761 354 3815 et
374 3772 468 3833 pauca
489 3754 612 3817 castella
630 3747 810 3836 terraeqa

333 3896 336 3901 .
1090 3839 1186 3904 Aliam
1228 3872 1232 3877 ·

186 4011 226 4100 “*)
247 4014 316 4076 Νοιι
337 4013 467 4077 debebat
489 4018 643 4098 negligere
663 3970 841 4100 diodorus,
869 4016 959 4079 etiam
979 4013 1128 4079 Friderici
1148 4015 1186 4079 ii.

228 4099 303 4185 lmp.
324 4101 397 4166 'lata
422 4101 551 4170 adrem
569 4105 650 4173 iuter
671 4122 779 4171 causas
798 4103 1012 4186 dissipatomm
1033 4102 1186 4167 domanio·

1067 4207 1187 4269 „rom
1358 4182 1360 4189 ⁸
