2722 4806
184 473 331 547 floreret,
351 468 475 535 deoreta
493 487 564 532 mor
576 454 740 533 Alexandri
764 474 880 545 morte,
900 470 939 531 alr
956 473 1097 536 universo
1117 494 1206 537 exer-

183 576 249 637 eitu
265 573 446 639 Μιιίιιιίιιιιι
461 556 626 654 Augustua':
636 571 842 647 renuntiatus,
862 572 1036 638 Alexander
1052 596 1127 638 vern
1147 598 1206 661 uns¹

182 696 254 739 aum
282 682 397 751 matre,
424 675 511 758 eujus
539 674 661 737 amiam
688 673 771 755 apud
796 674 895 737 lilium
920 678 1048 757 gratiam
1077 678 1206 761 Romani

178 778 362 864 jampridem
382 776 630 854 deteshbutur,
658 777 775 841 neuras
795 783 853 841 est
867 772 899 862 *)
979 848 982 853 ¹
1142 780 1152 797 ·

327 942 545 1012 Maximinus.
586 948 686 1012 Aerae
710 946 824 1045 illiniat.
845 948 883 1013 Α,
896 944 1078 1017 CCXXXV.

170 1124 178 1139 ,
266 1067 427 1131 Translata
446 1068 551 1149 itaque
570 1068 756 1131 Alemanniei
773 1068 852 1131 Belli
879 1089 994 1135 smnma
1018 1071 1059 1135 ad
1085 1060 1203 1141 insuasu-¹

126 1228 131 1239 .
180 1190 249 1235 rem
264 1169 387 1254 Imperii
397 1168 603 1232 Maximinum.
644 1171 688 1233 Ει
707 1171 761 1233 ille
783 1190 856 1235 sane
875 1174 1007 1257 majore,
1029 1195 1117 1255 quam
1136 1194 1204 1237 are-

173 1274 290 1353 dores,
318 1273 416 1335 animo
438 1279 499 1333 tam
519 1270 618 1335 fatalis
647 1272 722 1335 lrelli
746 1274 909 1337 discrimen
930 1295 1109 1357 aggressus,
1135 1277 1204 1357 pari

173 1395 302 1459 ,quaque
314 1374 496 1439 fortitudine
508 1374 714 1457 felicitateque
728 1376 827 1439 eidem
842 1378 957 1441 linem
946 1380 1098 1461 imposuit.
1126 1377 1204 1441 Pro

173 1478 297 1559 iligatis·
313 1478 394 1539 enim
413 1477 517 1557 prius,
538 1497 616 1559 quae
635 1486 740 1540 eontra
758 1480 843 1541 illum
857 1482 971 1561 passim
982 1487 1117 1545 mortae
1133 1480 1202 1544 lne-

178 1586 267 1654 rant,
294 1578 530 1651 factionibus,
518 1597 553 1639 ιιι
584 1579 680 1661 ipsam
707 1600 778 1643 mox
804 1582 1010 1649 Alemanniam
1036 1583 1204 1645 exereitum

179 1682 319 1764 trajecit3
346 1688 430 1743 tenta
458 1678 581 1762 quidem
602 1700 669 1743 erun
689 1683 866 1759 velocitate,
899 1692 935 1747 ut
959 1687 1039 1748 iutro
1059 1684 1203 1747 brevissi·

179 1803 262 1847 mum
296 1783 442 1863 temporis
476 1782 611 1863 spatium,
632 1782 778 1847 latissine
805 1794 913 1850 sunda
941 1793 1085 1849 exureret
1110 1793 1202 1867 atque

179 1891 322 1951 aestuet
340 1880 387 1969 **)
430 1883 637 1964 confugerant
666 1887 706 1947 ad
729 1895 887 1951 consuetas
909 1889 1126 1950 Germanorum
1152 1908 1202 1950 ar-

178 1994 228 2053 tes
257 1987 431 2060 Alemanni,
471 1991 505 2046 et
532 1986 640 2047 relicta
666 2006 838 2069 camporum
866 1989 1010 2069 planitie,
1045 1990 1079 2050 in
1107 1990 1200 2069 sylvis

167 2089 401 2171 ¹paludibusque
430 2084 660 2163 delitescentes,
696 2089 899 2153 Romanorum
927 2092 1074 2174 impetum
1107 2112 1200 2173 expe-

177 2198 263 2255 atare
281 2190 393 2271 potius,
414 2208 505 2272 quam
524 2194 631 2270 aperto
655 2209 722 2253 enm
740 2193 801 2255 illis
815 2193 923 2283 Marte·
936 2213 1072 2275 pugnare
1094 2194 1199 2256 decre-

177 2299 303 2365 reraut3
332 2298 418 2355 tanto
446 2310 520 2355 sane
549 2308 618 2353 cum
644 2312 803 2369 successu,
831 2301 867 2359 ut
894 2295 1037 2359 Romanis
1065 2297 1199 2358 locorum

176 2396 290 2479 ignaris
309 2393 480 2476 periculosa
505 2392 559 2455 illa
577 2394 720 2476 paludum
747 2397 875 2460 altitudo
895 2399 1069 2473 rideretur,
1098 2383 1198 2460 densi·

175 2504 285 2579 sasque
304 2497 465 2571 arborum,
496 2514 615 2557 omnem
641 2499 757 2576 sagittis
781 2500 953 2581 jaculisque
975 2502 1089 2560 aditum
1108 2519 1197 2580 prae·

176 2599 324 2663 eluderet.
376 2597 566 2660 0bt1nuisset
594 2597 749 2672 fortassis,
779 2600 860 2679 quod
880 2600 1069 2675 intenderat,
1096 2604 1198 2681 pervi-

174 2721 232 2765 αι
257 2698 447 2772 Alemannis,
474 2697 534 2759 nisi
555 2695 713 2761 Maximini
739 2700 855 2776 uirtus,
880 2702 1022 2783 quiequid
1047 2704 1198 2784 periculo·

163 2823 268 2879 nm,
304 2800 447 2884 quiequid
476 2798 664 2862 difficultatis
692 2802 843 2883 abjectum
871 2804 992 2879 fuerat,
1019 2824 1080 2866 uno
1111 2806 1197 2886 quasi

173 2908 238 2969 ietu
271 2903 455 2985 dispulisset.
497 2899 683 2965 Veientibus
714 2905 793 2967 enim
819 2905 962 2970 Romanis
992 2908 1120 2980 hostes,
1149 2906 1196 2966 lu-

174 3028 280 3073 sorum
310 3005 535 3089 opportunitate
564 3006 695 3067 munitos
725 3009 867 3091 aggredi,
904 3009 1086 3083 lilanirninus
1117 3026 1196 3088 equo

174 3111 316 3191 paludem
336 3109 511 3190 ingpessua,
537 3113 654 3169 tantum
680 3110 798 3190 reliquo
817 3112 962 3173 exercitui
980 3110 1127 3190 pudorem
1148 3112 1195 3171 in·

175 3212 290 3285 cussit,
319 3218 354 3272 ut
385 3230 476 3273 eoeeo
503 3228 574 3272 mox
593 3210 709 3291 impetu
731 3221 837 3275 rueret
862 3214 894 3275 in
921 3212 1059 3287 hostem,
1089 3221 1122 3273 et
1148 3214 1194 3274 in*

136 3342 139 3347 ·
172 3320 297 3397 gentem
330 3332 367 3374 ex
394 3314 481 3377 'amni
511 3320 599 3395 parte
634 3312 865 3377 Alemannorum
901 3323 1032 3396 stragem
1069 3317 1194 3388 ederet3

174 3425 283 3498 angue
309 3414 503 3479 cadaveribus
530 3415 643 3499 pmsim
675 3418 813 3497 repleto,
846 3425 879 3480 et
908 3419 1052 3499 sanguine
1081 3419 1193 3480 navalis

173 3519 330 3603 majusdam
353 3520 462 3601 proelii
489 3518 598 3583 faeiem
622 3517 800 3594 referent03
831 3522 859 3583 si
887 3541 948 3583 non
975 3520 1054 3580 ultra
1072 3522 1193 3583 modum

174 3642 242 3684 rem
262 3622 344 3684 suxit
363 3620 563 3682 Herodianus.
605 3618 692 3683 Adeo
713 3628 829 3683 certum
849 3629 913 3696 est,
934 3621 1106 3682 fortitudini
1126 3624 1192 3683 nul-

174 3724 238 3787 lum
256 3724 356 3785 laeum
376 3742 516 3804 asperum
536 3742 606 3787 esse
626 3730 678 3788 aut
697 3724 832 3798 arduum,
856 3726 970 3785 nullum
990 3723 1109 3785 hostem
1128 3725 1193 3786 for-

1065 3827 1192 3887 midolo·

175 3916 323 3928 -n--—-
331 3915 372 3922 --

182 3983 233 4071 J)
253 3986 357 4049 Aelius
378 3982 567 4065 Lampridius
587 3986 618 4047 in
639 3984 810 4049 Alexandro
832 3962 1031 4069 Serero'cap.
1045 3988 1098 4049 ul.
1128 3988 1192 4049 lle·

236 4072 377 4133 rodianus
397 4069 464 4132 Lis.
485 4070 517 4131 θ.
549 4070 621 4153 Cap.
642 4072 674 4131 9.

203 4168 249 4257 aa)
270 4173 368 4235 lulius
389 4170 574 4253 Capitolinus
595 4174 627 4237 ln
648 4173 811 4237 lileximiuo
833 4174 904 4255 Cap.
927 4175 976 4237 12.
