2722 4806
526 318 823 385 ..2⁴1...

163 490 351 555 rnldolosum.
393 487 502 554 Virtus
528 489 626 551 omnia
656 488 765 553 domat
809 489 879 554 Nou
904 489 1068 556 mii'ecerat
1086 491 1186 557 Mart

164 595 246 658 mino
274 593 423 655 laureatas
441 592 575 667 ¹‘literam
607 596 709 653 tantae
736 592 881 660 uictoriae
908 596 1033 658 bundas
1060 594 1188 658 Romans

164 695 300 769 misisse3
322 694 379 757 aed
400 695 561 774 superbam
581 693 690 763 iisdem
708 694 827 758 addidit
846 693 886 757 cd
907 694 1050 759 Senatum
1066 696 1188 765 Oratio·

165 816 254 872 nem,
286 816 345 878 qua
374 815 479 857 ornnes
505 795 624 857 Heroas
641 782 763 859 ceteras
781 796 890 861 bellica
909 796 967 861 hac
985 797 1076 861 laude
1097 818 1188 880 snpe-

127 978 129 983 .
165 917 238 962 rare
258 916 294 960 se
314 898 480 978 gloriatum
493 891 521 980 *)
547 897 610 963 ‚imo
631 897 706 980 ipsis
731 917 809 963 mox·
825 898 935 961 tabulis
955 918 995 962 ex
1015 900 1106 962 Coria
1124 900 1188 962 Ro·

166 1019 255 1063 mana
281 1000 435 1079 suspensis
460 1005 521 1061 tam
547 1018 712 1080 prosperos
737 1020 841 1065 rerum
865 1021 1041 1079 successus,
1070 1004 1191 1084 sibique
1229 1024 1236 1034 “
1319 1080 1325 1089 .

166 1121 257 1182 qoam
276 1103 403 1163 maxime
421 1101 586 1181 gloriosos,
610 1102 652 1162 ad
679 1101 851 1167 raucorum
878 1110 1048 1186 temporum
1075 1124 1189 1167 memo·

167 1203 242 1263 riam
272 1202 396 1283 depingi
425 1203 528 1267 voluit.
576 1201 708 1269 'lantum
741 1211 808 1269 erat
836 1205 1029 1290 Alamannos·
1046 1206 1187 1268 vindere!
1226 1208 1229 1214 ’

167 1305 305 1368 Perculsi
332 1304 390 1365 hac
418 1303 503 1365 clade
523 1305 648 1368 liarbari
674 1307 875 1388 paratiquod
895 1309 1040 1390 temporis
1059 1309 1191 1392 spatium
1262 1310 1294 1335 ·'

168 1407 320 1487 quievisse
339 1407 497 1481 videntur,
518 1413 554 1469 ut
572 1413 712 1489 tanquam
738 1428 776 1471 ex
796 1410 918 1491 apecula
938 1411 1064 1492 quadarn
1080 1410 1191 1471 Roma-

135 1580 140 1589 ,
167 1529 276 1573 norum
290 1509 431 1571 fortunae
449 1509 625 1571 insidiantes
644 1529 774 1595 suasque
786 1512 1089 1589 vincereatauratori,
1109 1530 1191 1575 com-
1257 1534 1261 1543 “

168 1611 288 1675 modam
306 1611 457 1675 vindictae
475 1614 677 1696 expectarent
690 1613 886 1677 occasionem.

349 1748 526 1829 castratus.
568 1746 667 1830 uerat
693 1768 807 1829 currat.
834 1768 871 1831 a,
903 1766 1030 1831 ccum

236 1866 417 1944 ‘Etoblata
438 1889 510 1929 sane
530 1868 601 1944 itta,
624 1889 711 1950 quam
729 1869 857 1931 maxime
879 1868 1065 1949 opportuna,
1094 1868 1192 1951 irnpe-

129 2008 133 2013 -
170 1974 259 2035 rante
286 1969 433 2055 Romanis
451 1970 611 2058 Gallieno,
642 1970 785 2051 Principe
812 1967 1025 2051 voluptatibus
1039 1970 1193 2035 deditissi-

171 2089 238 2146 mo,
265 2054 569 2161 rerum‘que‘lmperii
588 2072 678 2152 plane
697 2072 859 2136 incurioso.
901 2068 1108 2155 Vehementer
1128 2081 1195 2138 tura

172 2175 260 2236 batus
281 2182 346 2237 turn
367 2175 426 2239 fuit
447 2159 529 2235 orbis
549 2173 718 2249 Romanus,
744 2170 831 2253 cum‘,
860 2175 1069 2239 deficientibus
1095 2182 1194 2238 certa-

174 2276 229 2339 tim
249 2277 287 2341 ab
308 2276 493 2358 imperatore
523 2275 663 2352 ducibus,
689 2277 837 2338 variarum
865 2278 1021 2359 regionum
1042 2281 1194 2340 exercitus

172 2379 242 2441 illos
264 2379 388 2460 triginta
408 2379 653 2461 Tyrannossive
672 2378 921 2440 Anti-Caesares
943 2380 1079 2442 Gallieno
1100 2400 1195 2461 oppo-
1285 2410 1290 2428 ι

173 2483 322 2568 scissent,
348 2500 416 2543 cum
444 2480 616 2544 furentibus
636 2480 669 2541 in
691 2501 745 2543 sua
764 2479 880 2542 viscera
896 2479 1057 2555 Romanis,
1089 2484 1196 2544 rastis-

173 2585 249 2647 sima
273 2585 395 2667 imperii
423 2602 583 2665 compages
609 2601 670 2643 non
696 2570 812 2662 parum*
828 2580 1007 2644 labefactata
1028 2585 1194 2646 videretur.

173 2686 279 2766 ltaque
307 2705 456 2748 memores
486 2685 615 2770 injuriae
646 2684 705 2747 sibi
733 2685 839 2747 allatae
865 2683 1042 2760 Alemanni,
1073 2688 1196 2749 vastatis

176 2789 302 2862 Galliis,
330 2789 364 2853 in
391 2788 488 2867 ipsam
512 2807 582 2850 mox
603 2785 717 2852 ltaliam
747 2789 942 2867 irruperunt3
956 2783 998 2872 **)
1030 2790 1110 2869 quod
1131 2789 1195 2851 snb

148 2889 263 2969 -Rege
275 2888 515 2952 'Alamannorum
536 2889 655 2950 Chroco
674 2890 788 2951 iactum
808 2908 877 2951 esse
902 2889 1007 2951 scribit
1030 2891 1196 2970 Gregorius

174 2991 371 3066 Turonensis,
380 2986 439 3078 ***)
459 2997 544 3055 tanta
563 2992 683 3072 quidem
703 3012 771 3055 cum
791 2992 923 3065 saevitia,
944 2998 978 3051 nt
994 2999 1119 3052 cornetae
1140 3011 1197 3070 per

174 3096 303 3159 Galliam
333 3094 424 3156 aedes
460 3113 563 3155 sacrae
591 3094 629 3156 ab
659 3095 765 3157 eodem
794 3093 881 3172 Rege
910 3093 1063 3182 funditus
1081 3094 1198 3167 inerint

176 3218 317 3261 eversae:
352 3203 494 3259 secutura
521 3206 591 3257 mori
620 3203 721 3257 tantae
747 3195 932 3257 crudelitatis
962 3214 1060 3274 poena
1073 3179 1199 3281 ⁴atroci}

176 3302 315 3364 chrocus
337 3297 416 3379 apud
436 3296 657 3359 Arelatensium
677 3300 784 3359 urbem
805 3296 1031 3381 deprehensus,
1058 3297 1218 3367 diversis-¹

177 3422 238 3487 que
257 3401 385 3464 affectus
407 3400 562 3485 suppliciis
591 3400 692 3483 gladio
713 3400 836 3465 tandem
855 3418 1027 3483 percussus.
1042 3395 1079 3485 ᾧ)
1100 3399 1199 3549 Μ.

204 3611 236 3716 3)
257 3632 354 3693 Julius
378 3630 564 3712 Capitolinus
585 3631 617 3691 in
637 3629 809 3693 Maximinis
837 3629 910 3708 Cap.
934 3629 984 3690 13.

206 3730 249 3818 aa)
271 3734 437 3812 Eutropius
453 3733 488 3794 L.
497 3733 527 3792 9.
550 3733 691 3793 Aurelius
707 3733 814 3795 Victor
829 3731 868 3790 de
880 3729 1057 3792 Caesaribus
1075 3746 1138 3811 cap.
1146 3730 1199 3792 33

241 3819 352 3881 Paulus
373 3818 521 3878 Diaconos
543 3820 572 3878 in
596 3819 730 3879 Historia
750 3817 888 3880 Miscella
907 3816 972 3880 Lib.
994 3815 1046 3875 lo.

150 3935 153 3939 ·
211 3915 275 4004 ***)
299 3916 463 3999 Gregorius
479 3920 593 3981 'soron
616 3921 650 3983 L.
674 3920 703 3981 1.
726 3940 751 3980 c.
773 3920 825 3983 32·

202 4019 239 4108 †)
272 4021 352 4083 Hist.
382 4020 489 4083 Franc.
518 4024 552 4084 L.
576 4024 606 4084 1.
642 4043 668 4084 o.
690 4024 742 4087 33.
779 4021 831 4083 nbi
858 4020 1023 4081 Ruinartus
1062 4023 1202 4078 annotat:

245 4108 358 4210 Chroci
387 4107 587 4188 irruptionem
619 4110 692 4172 alios
719 4107 837 4171 {seculi
859 4107 977 4177 demum
1002 4102 1097 4184 quinti
1117 4103 1203 4167 initio

244 4211 431 4273 consignare.
